3072 5020
224 227 227 232 ’
323 249 376 308 202
809 244 961 302 nurnmz.

323 373 571 500 contirigentium
602 422 695 482 etiam
722 421 894 483 liberorum
924 421 1129 484 determinata
1151 428 1234 484 esset
1261 422 1378 486 veritas
1409 424 1462 486 vel

322 523 451 596 falsitas,
475 523 532 584 etsi
543 523 653 603 ignota
664 522 843 604 tingeretur.
875 523 985 605 ltaque
998 524 1055 584 Dei
1072 524 1288 604 praescientia,
1311 525 1461 606 adeoque

322 623 559 704 praeordinatio
589 625 766 686 libertatem
788 645 851 686 non
879 625 972 686 tollit.
1016 623 1179 686 Caeterum
1210 627 1371 688 sciendum
1403 633 1460 698 est,

323 732 457 787 mentem
480 745 545 786 non
568 728 607 787 ab
631 726 694 788 alio
719 726 928 800 determinari,
957 726 1014 787 sed
1037 745 1055 786 a
1078 747 1112 788 se
1133 727 1211 807 ipsa,
1234 746 1338 807 neque
1361 727 1460 788 ullam

322 847 390 888 esse
413 827 612 910 hypothesin,
636 846 717 910 quae
738 829 837 908 magis
860 845 953 908 quam
976 833 1085 889 nostra
1106 828 1210 890 faveat
1230 827 1391 889 humanae
1414 828 1458 888 li-

320 929 447 1004 bertati3
470 930 619 1009 quoniam
644 927 688 1010 (ut
701 927 1061 1011 exsequentibuspatet)
1085 948 1147 989 uua
1166 929 1340 991 substantia
1353 936 1458 991 creata

321 1030 352 1090 in
375 1030 467 1091 aliam
492 1050 555 1091 non
578 1031 692 1106 inlluit,
723 1031 867 1110 adeoque
897 1049 985 1091 mens
1017 1050 1128 1092 omnes
1156 1049 1228 1092 suas
1252 1033 1457 1111 operationes

320 1152 359 1192 ex
382 1133 511 1213 proprio
535 1152 592 1194 suo
615 1132 714 1194 fundo
737 1131 850 1208 educit,
873 1131 945 1193 licet
967 1132 1011 1192 ita
1035 1131 1179 1193 ordinata
1202 1133 1242 1194 sit
1264 1133 1330 1214 ejus
1344 1143 1457 1194 natura

320 1235 359 1295 ab
382 1234 482 1308 initio,
506 1241 538 1295 ut
561 1235 764 1315 operationes
789 1234 856 1315 ejus
879 1253 948 1296 cum
972 1241 1164 1295 caeterarum
1185 1255 1289 1296 rerum
1313 1235 1455 1297 omnium

320 1336 558 1415 operationibus
581 1336 770 1416 conspirent.

738 1491 976 1572 Propositio
1005 1493 1034 1554 2.
1074 1505 1076 1510 ’

505 1596 620 1656 Rerum
632 1591 902 1676 mutationumque
914 1592 1054 1654 infinitae
1069 1593 1165 1654 series
1180 1592 1224 1653 ita
1242 1593 1301 1653 sibi
1313 1614 1456 1675 respon-

445 1699 520 1758 dent
532 1703 562 1757 et
583 1703 665 1756 tanta
687 1695 895 1776 proportione
908 1702 1140 1767 connectuntur,
1164 1703 1197 1755 ut
1214 1695 1382 1774 quodlibet
1394 1717 1456 1759 eo-

442 1816 511 1857 rum
552 1797 681 1858 caeteris
710 1795 856 1858 omnibus
887 1795 1112 1876 perfectissime
1150 1795 1340 1872 consentiat,
1375 1804 1407 1858 et
1438 1819 1455 1858 e

444 1918 608 1960 converso.

503 1997 583 2060 Hinc
594 1999 752 2081 quaelibet
764 2019 813 2061 res
827 2020 896 2061 cum
918 2007 986 2060 tolo
1009 1999 1155 2060 universo
1178 1998 1221 2058 ita
1244 2000 1455 2070 connectitur,

441 2109 472 2163 et
494 2121 575 2162 unus
600 2101 645 2161 rei
670 2102 760 2162 unius
788 2103 902 2162 modus
928 2103 971 2162 ita
994 2101 1137 2162 ordinem
1160 2107 1252 2182 alque
1274 2108 1453 2180 respectum

441 2203 572 2266 involvit
594 2203 632 2264 ad
656 2204 797 2284 singulos
820 2203 952 2264 aliarum
973 2222 1076 2264 rerum
1099 2201 1231 2274 modos,
1253 2201 1341 2261 utin
1365 2222 1451 2284 qua-

441 2304 525 2380 libet,
548 2305 612 2364 imo
625 2304 656 2364 in
671 2305 763 2365 unico
780 2305 870 2366 unius
887 2305 931 2365 rei
945 2304 1051 2379 modo,
1073 2303 1158 2363 Deus
1171 2301 1253 2363 clare
1265 2309 1296 2362 et
1307 2303 1453 2365 distincte

440 2406 545 2466 videat
567 2406 746 2466 universum
768 2405 865 2465 veluti
888 2405 1080 2485 implicatum
1093 2403 1329 2484 etinscriptum.
1359 2405 1451 2466 Unde

440 2527 510 2568 cum
534 2526 627 2567 unam
645 2526 710 2568 rem
733 2512 901 2565 autunum
923 2505 1054 2566 modum
1075 2506 1120 2567 rei
1143 2505 1300 2586 percipio,
1324 2525 1451 2586 semper

440 2608 569 2670 confuse
597 2616 697 2670 totum
724 2607 904 2668 universum
927 2607 1085 2688 percipi0;
1120 2613 1150 2668 et
1181 2626 1245 2688 quo
1276 2605 1450 2686 perfectius

439 2729 532 2770 unam
554 2730 621 2770 rem
642 2707 802 2790 percipio,
826 2728 865 2769 eo
888 2708 995 2788 plures
1017 2708 1148 2768 aliarum
1172 2727 1275 2768 rerum
1299 2707 1451 2789 proprie-

437 2815 515 2871 tates
539 2810 616 2870 mihi
638 2809 712 2870 inde
734 2810 943 2870 innotescunt.

499 2911 538 2972 Et
560 2931 598 2971 ex
618 2909 677 2971 hac
699 2930 803 2971 rerum
834 2929 954 2970 summa
987 2911 1196 2994 consonantia
1227 2911 1320 2971 etiam
1351 2911 1449 2972 totius

439 3011 575 3073 universi
596 3011 762 3071 harmonia
785 3030 821 3073 ac
842 3010 1044 3092 pulchritudo
1068 3011 1202 3072 maxima
1225 3011 1331 3084 oritur,
1366 3032 1450 3092 quae

437 3113 549 3174 summi
571 3111 699 3192 Opificis
721 3113 784 3175 vim
807 3119 838 3174 et
860 3113 1045 3193 sapientiam
1068 3113 1159 3173 nobis
1183 3113 1320 3174 exhibet.

394 3215 511 3276 Contra
530 3215 612 3276 hanc
643 3215 894 3294 propositionem
925 3213 1010 3274 nulla
1040 3214 1173 3274 formata
1201 3214 1258 3275 fuit
1287 3213 1449 3295 objectio;

310 3318 374 3380 sive
397 3319 484 3399 quod
513 3317 705 3398 praecedens
733 3316 862 3377 dubium
891 3322 922 3376 et
950 3314 982 3374 in
1012 3314 1112 3396 ipsam
1141 3315 1352 3388 redundaret,
1382 3316 1449 3378 sive

310 3419 397 3500 quod
424 3420 531 3500 priore
555 3419 651 3480 dubio
682 3417 805 3480 sublato
828 3416 940 3477 rationi
964 3416 1134 3477 admodum
1158 3424 1374 3478 consentanea
1398 3417 1449 3478 vi-
1474 3427 1483 3440 “

309 3520 446 3582 deretur.

728 3673 964 3753 Propositio
995 3676 1025 3738 3.

495 3793 616 3876 Corpus
639 3813 703 3855 non
727 3800 773 3856 est
794 3793 977 3868 substantia,
1000 3795 1056 3855 sed
1078 3797 1279 3875 aggregatum
1292 3793 1445 3854 substan-

433 3895 556 3966 tiarum,
579 3917 648 3956 cum
672 3916 797 3976 semper
818 3896 857 3956 sit
879 3895 1009 3956 ulterius
1031 3894 1201 3968 divisibile,
1231 3900 1263 3954 et
1285 3894 1449 3974 quaelibet

433 4015 504 4076 pars
526 3989 659 4076 semper
672 3998 765 4058 aliam
787 4004 908 4077 partem
931 3997 1047 4058 habeat
1069 3997 1101 4056 in
1123 3994 1290 4056 inlinitum.

452 4115 454 4118 ·
493 4095 580 4158 Unde
602 4105 756 4181 repugnat
770 4118 965 4178 corpusesse
989 4099 1112 4159 unicam
1135 4095 1350 4165 substantiam,
1375 4116 1445 4157 cum

431 4197 610 4259 necessario
641 4198 673 4257 in
702 4219 735 4260 se
768 4199 908 4261 involvat
942 4199 1094 4260 infinitam
1125 4197 1355 4259 multitudinem
1389 4217 1446 4258 sen

431 4298 551 4360 infinita
574 4317 718 4378 corpora,
742 4321 875 4382 quorum
899 4301 1063 4384 quodlibet
1084 4319 1191 4360 rursus
1213 4297 1350 4360 infinitas
1362 4298 1446 4360 sub-

430 4401 558 4462 stantias
582 4400 730 4462 continet.
1262 4413 1265 4418 ·
