3072 5020
331 263 385 318 208
827 259 978 318 LElBNlZ.

332 432 470 494 Minerua
493 437 588 510 purte
610 431 640 495 2.
681 433 729 493 An
751 433 814 497 hoc
842 436 923 498 torte
952 442 1000 498 ost
1028 437 1117 518 quasi
1144 439 1305 521 quoddam
1335 438 1471 501 diarium

292 539 295 546 ’
332 533 549 608 eruditorum,
577 551 641 616 quo
671 533 823 597 librorum
848 537 1005 599 editorum
1027 538 1078 600 vel
1101 540 1298 604 edendorum
1321 547 1471 603 contenta

332 635 547 718 explicantur?

414 736 618 801 Verissimum
648 744 696 800 est
724 738 822 800 multa
851 739 1014 821 praeclara
1042 741 1198 804 contineri
1228 742 1262 802 iu
1290 741 1469 823 Augustino

332 840 425 903 etium
448 839 489 900 ad
510 838 746 920 philosophiam
768 840 950 923 theologiae
980 849 1145 924 cognatam
1174 843 1410 917 illustrandam,
1441 851 1471 903 et

333 958 450 1022 operae
472 942 606 1021 pretium
629 959 698 1004 esse
720 941 884 1018 lucturum,
908 944 962 1025 qui
984 943 1128 1025 dispersa
1149 963 1207 1026 per
1229 944 1298 1027 ejus
1311 937 1470 1024 scriptain

333 1063 429 1105 unum
451 1041 588 1122 colligat.
621 1041 659 1103 Et
681 1061 751 1104 cum
763 1043 924 1106 Platonica
946 1063 1012 1107 non
1034 1044 1138 1108 minus
1161 1063 1255 1126 quam
1266 1042 1470 1107 Aristotelian

333 1145 363 1206 ei
385 1145 499 1206 luerint
521 1142 695 1224 explorata,
718 1151 750 1206 et
771 1145 827 1206 illa
844 1145 942 1227 magis
958 1145 1052 1208 etiam
1074 1153 1187 1223 amata,
1210 1144 1471 1208 Plutoautemad

332 1245 496 1308 veritatem
516 1243 699 1326 theologiae
721 1245 872 1308 naturalis
895 1246 992 1308 multo
1013 1245 1183 1310 Aristotele
1204 1246 1337 1327 propius
1359 1263 1471 1308 acces-

333 1346 422 1423 serit¹
461 1365 501 1408 eo
538 1346 703 1408 uberiores
731 1353 881 1427 poterunt
910 1348 1029 1409 tructus
1063 1347 1184 1428 percipi
1215 1367 1254 1410 ex
1282 1346 1470 1428 Augustino.

332 1447 460 1510 lnterim
483 1447 645 1509 fatendum
668 1455 715 1509 est
735 1447 817 1510 haec
847 1454 966 1510 tantum
999 1447 1044 1530 (ut
1065 1448 1109 1511 sic
1133 1447 1246 1532 dicum]
1276 1447 1470 1512 incunabula

287 1545 289 1548 ’
333 1569 403 1611 esse
415 1549 563 1622 veritatis,
586 1566 680 1631 quam
692 1567 764 1612 meo
783 1547 906 1630 judicio
918 1549 958 1610 ad
975 1549 1127 1631 majorem
1150 1549 1246 1632 longe
1257 1549 1469 1611 maturitatem

328 1649 395 1731 jam
416 1649 591 1730 perducere
613 1650 713 1714 datur.
761 1649 860 1731 quue
885 1649 942 1714 tihi
964 1669 1029 1711 non
1051 1658 1156 1731 potest
1177 1670 1242 1714 nou
1262 1671 1333 1713 csse
1355 1648 1472 1731 explo-

332 1758 445 1824 ratum,
467 1757 533 1812 tum
555 1749 654 1811 exiis
676 1768 758 1831 qnae
781 1768 888 1812 coram
910 1750 1008 1812 locuti
1030 1770 1148 1828 sumus,
1171 1759 1237 1814 tum
1259 1751 1352 1813 etiam
1373 1770 1413 1812 ex
1433 1749 1470 1810 iis

333 1867 415 1934 quae
434 1850 536 1926 literis
558 1849 692 1912 subinde
720 1850 803 1911 inter
824 1869 883 1912 nos
905 1853 1103 1915 commutatis
1132 1853 1349 1926 continentum
1379 1860 1471 1914 etex

333 1953 445 2014 iisdem
468 1951 568 2013 multo
591 1950 696 2014 adhue
715 1952 808 2033 plura
830 1951 945 2016 elicere
967 1952 1140 2034 aliquando
1162 1954 1279 2030 licebit,
1309 1952 1469 2033 credoque

333 2071 402 2116 mea
423 2052 579 2134 principia
601 2052 647 2114 sic
668 2073 738 2116 esse
759 2062 951 2136 comparata,
980 2061 1015 2117 ut
1035 2055 1128 2116 etiam
1150 2053 1233 2134 apud
1255 2061 1378 2117 vestros
1401 2060 1468 2115 tuto

332 2155 463 2236 allegari
485 2155 624 2236 possiut;
647 2173 718 2214 nam
742 2161 773 2216 et
795 2155 826 2215 in
850 2155 950 2216 Gallia
972 2154 1120 2236 placuere
1141 2154 1216 2217 viris
1237 2154 1338 2217 doctis
1348 2155 1469 2215 Roma-

333 2275 393 2318 nao
415 2256 521 2337 pertis,
544 2275 647 2336 neque
670 2256 752 2318 adeo
775 2257 902 2338 indigne
925 2257 1027 2320 ferent
1048 2256 1151 2331 vestri,
1174 2256 1199 2318 si
1216 2273 1304 2318 meas
1315 2255 1468 2338 quasdam

333 2357 503 2420 sententias
523 2357 577 2418 tibi
598 2357 728 2438 probari
747 2356 915 2438 significes,
938 2357 1060 2420 tametsi
1080 2356 1218 2418 hominis
1235 2356 1467 2418 ultramontani.

416 2457 624 2539 Augustinum
645 2464 723 2539 puto
746 2457 973 2540 Pythagoricae
996 2466 1027 2519 et
1037 2457 1217 2520 Platonicae
1239 2455 1369 2518 scholae
1391 2457 1466 2538 pla-

333 2561 395 2628 cita
417 2567 568 2622 secutum.
602 2559 679 2620 Num
701 2578 759 2640 per
768 2559 980 2642 Pythagoram
1001 2558 1143 2639 inprimis
1166 2557 1329 2620 dementis
1351 2557 1469 2620 imma-

333 2660 499 2724 terialitate
522 2669 553 2723 et
573 2659 808 2724 immortalitate
831 2662 947 2742 dogma
963 2680 1002 2724 ex
1013 2659 1143 2722 Oriente
1153 2657 1281 2720 allatum
1292 2659 1325 2718 in
1338 2657 1469 2721 Graecia

268 2789 270 2794 ·
333 2761 494 2838 inclaruit;
517 2761 606 2823 Plato
628 2769 732 2826 autem
753 2762 880 2844 longius
901 2781 1087 2844 progressus
1109 2760 1196 2835 vidit,
1218 2780 1283 2823 uon
1305 2760 1468 2823 aliasvere

252 2946 256 2952 Ι
335 2863 523 2924 substantias
535 2881 711 2951 esse-quam
723 2863 853 2938 animas,
876 2881 1012 2946 corpora
1028 2870 1132 2926 antem
1153 2862 1185 2923 in
1207 2869 1361 2943 perpetuo
1383 2861 1468 2923 fluxu
1530 2907 1531 2940 p

335 2953 462 3026 versari.
492 2962 632 3044 Cogitata
653 2964 768 3026 horum
790 2967 970 3027 emendavit
989 2972 1084 3046 atque
1107 2963 1202 3024 etiam
1221 2962 1470 3043 auxitAugusti-
1530 2941 1531 2964 ¹

335 3085 393 3127 nus
415 3066 456 3127 ad
478 3083 622 3126 normam
645 3064 834 3128 christianae
856 3063 1046 3146 sapientiae,
1077 3064 1161 3126 hunc
1183 3062 1384 3137 scholastici,
1415 3063 1469 3126 sed

313 3168 432 3251 ¹longo
463 3166 646 3243 intervallo,
680 3175 751 3228 sunt
771 3165 881 3229 secuti.
922 3165 999 3228 Mihi
1021 3170 1143 3228 summa
1164 3164 1211 3225 rei
1239 3163 1365 3226 videtur
1386 3183 1469 3226 con-

333 3269 443 3332 sistere
456 3268 488 3329 in
506 3285 580 3331 vera
602 3268 732 3329 notione
755 3267 957 3343 substantiae,
980 3285 1062 3348 quae
1074 3267 1183 3328 eadem
1196 3273 1244 3326 est
1254 3284 1325 3326 cum
1337 3264 1469 3327 notione

333 3369 478 3432 monadis
500 3369 566 3431 sive
588 3369 681 3431 realis
711 3367 835 3430 unitatis
858 3376 902 3441 et„
932 3375 966 3429 ut
988 3369 1030 3430 ita
1052 3369 1170 3442 dicam,
1199 3365 1297 3428 atomi
1325 3366 1469 3430 formalis

204 3523 226 3534 -
334 3471 384 3534 vel
406 3471 514 3552 puncti
536 3469 730 3542 essentialis,
764 3487 836 3530 nam
859 3469 1027 3531 materialis
1051 3469 1118 3530 dari
1141 3487 1204 3532 non
1233 3474 1354 3547 potest,
1384 3467 1469 3529 unde

332 3574 447 3634 frustra
469 3571 500 3632 in
524 3572 654 3633 materia
676 3570 839 3652 quaeritur
860 3570 977 3632 unitas:
1000 3577 1032 3631 ot
1052 3576 1203 3650 puuctum
1215 3566 1469 3631 mathematicum

334 3692 399 3734 uon
422 3680 469 3736 est
490 3671 658 3734 essentiale
680 3671 737 3732 sed
758 3670 894 3744 modale,
916 3670 1001 3731 uude
1023 3669 1468 3748 continuumexpunctisnon

334 3779 465 3847 constat,
489 3780 646 3846 ettamen,
662 3771 812 3854 quicquid
827 3769 1032 3832 substantiale
1054 3777 1109 3843 est,
1133 3789 1171 3832 ex
1193 3769 1364 3832 unitatibus
1388 3789 1469 3832 cou-

333 3875 458 3935 llatur1.

393 4069 419 4123 1)
436 4069 491 4116 Sem
506 4070 591 4114 tumim
606 4072 635 4115 ist
649 4073 689 4116 der
703 4072 772 4116 luhalt
787 4073 847 4116 eines
862 4073 946 4117 Brieles
960 4084 988 4116 an
1003 4072 1103 4116 Fardslla
1119 4081 1161 4113 von
1177 4066 1235 4114 teat
1250 4071 1295 4124 (t),
1318 4071 1358 4113 der
1372 4069 1420 4114 sien
1435 4071 1468 4113 bei

334 4149 406 4194 Fellcr
421 4147 443 4190 in
458 4147 509 4190 dem
525 4148 592 4190 titiana
607 4149 779 4192 Romanorum
800 4149 823 4196 S.
840 4143 900 4204 104,
923 4149 1007 4192 linteus
1029 4149 1051 4190 in
1067 4149 1161 4191 laeilmtii
1175 4148 1245 4200 opero
1269 4147 1329 4190 tom.
1344 4145 1370 4198 u,
1388 4143 1411 4192 1.
1426 4141 1468 4190 234

335 4234 378 4275 und
391 4221 504 4275 'nm-ann
516 4229 538 4272 in
554 4229 647 4274 leibnitii
662 4244 725 4286 opera
738 4233 879 4286 philosophica
893 4227 998 4284 l,8.1lb
1012 4229 1089 4272 lindet:
1119 4217 1205 4275 Multa
1224 4221 1295 4291 apud
1313 4218 1467 4274 Platonico!

227 4329 234 4351 ⁸
334 4311 570 4383 Augustinumque
588 4311 727 4382 praeclara
746 4313 926 4382 reperiuntur,
945 4311 994 4365 sed
1012 4327 1082 4382 quae
1100 4309 1218 4364 arbitror
1226 4311 1259 4364 ab
1272 4309 1396 4380 ipsismet
1413 4327 1466 4363 uon
1527 4317 1528 4370 i

335 4403 400 4456 satis
419 4402 564 4469 intellecta,
591 4410 619 4456 et
637 4419 671 4456 ex
690 4403 792 4472 impetu
811 4402 895 4472 magis
915 4409 942 4458 et
961 4401 1050 4456 calore
1070 4417 1149 4472 quam
1168 4401 1230 4455 luce
1249 4408 1319 4454 nato.
1355 4397 1468 4454 Deua-
1527 4371 1528 4433 l
