3072 5020
333 186 385 246 tto
714 176 868 238 LlilliNlZ.
906 176 1089 238 sanante.

333 360 521 428 secretionis
542 361 657 424 durent
677 379 780 444 usqne
801 362 842 424 ad
863 369 987 442 tempus
1008 359 1219 442 corruptionis
1231 361 1420 450 specierum,
1444 371 1476 425 ut

334 463 431 526 tradit
453 461 586 526 ecclesia
606 463 760 524 Romana.
803 463 893 537 Quae
922 461 1138 524 controversia
1166 461 1245 523 nihil
1267 463 1405 543 pertinet
1436 465 1475 526 ad

332 585 400 628 rem
422 569 636 646 praesentem3
672 581 745 624 nam
768 569 901 644 utraque
924 561 1079 626 sententia
1100 579 1201 644 aeque
1224 564 1386 644 possibilis
1409 573 1474 628 est:

335 685 438 749 neque
461 665 545 727 enim
566 663 692 727 duratio
714 683 773 746 per
793 683 827 726 se
849 663 950 727 variat
970 663 1015 725 rei
1038 669 1191 738 naturam,
1214 670 1246 726 et
1267 671 1371 726 utram
1388 667 1474 728 Deus

331 765 479 840 uoluerit,
503 784 542 826 ex
562 765 735 846 scripturae
757 781 867 826 sacrae
889 762 1057 824 autoritate
1080 771 1113 825 et
1134 764 1289 827 ecclesiae
1300 766 1472 828 traditione

335 866 551 930 deliniendum
574 873 640 928 est:
673 883 736 947 qua
759 864 944 946 quaestione
966 862 1105 939 definita,
1128 864 1222 927 etiam
1244 865 1325 926 illud
1346 867 1472 929 decidi-

331 977 392 1044 tur,
415 986 456 1029 an
477 967 578 1029 cultus
599 964 724 1028 hostiae
746 965 913 1043 debeatur3
946 983 1027 1046 quae
1049 965 1120 1027 sola
1142 965 1359 1029 controversia
1391 986 1471 1047 pra·

290 1139 293 1144 ‚
334 1069 414 1132 ctica
436 1067 469 1128 in
490 1066 555 1128 hoo
576 1066 707 1148 negotio
731 1073 876 1147 superest
905 1064 1020 1150 (neque
1043 1066 1126 1128 enim
1149 1085 1233 1127 nunc
1255 1067 1294 1128 de
1324 1085 1472 1129 commu-

332 1168 430 1230 nione
451 1167 510 1230 suh
532 1186 604 1243 una,
626 1174 679 1229 aut
701 1167 876 1249 specierum
898 1175 1010 1228 natura
1032 1157 1158 1248 loquor,
1180 1185 1262 1249 quae
1283 1186 1349 1230 nen
1372 1169 1471 1229 attin-

333 1276 412 1352 gunt
432 1267 573 1351 mysterii
594 1266 734 1352 modum)
756 1267 840 1328 inter
862 1266 1031 1330 concilium
1047 1266 1264 1328 Tridentinum
1285 1275 1317 1329 et
1340 1271 1486 1332 confes-.

333 1370 456 1433 sionem
477 1371 703 1452 Augustanam.
735 1369 813 1430 Nam
834 1368 862 1430 si
883 1366 1010 1429 nonnisi
1031 1367 1063 1428 in
1085 1375 1246 1429 momento
1266 1389 1341 1444 usus
1354 1389 1469 1451 corpus

331 1471 445 1534 Christi
468 1471 566 1546 adest,
590 1471 717 1533 adorari
738 1469 861 1545 hostia,
884 1473 1052 1549 antequam
1075 1474 1177 1530 sumta
1198 1468 1247 1543 sit,
1270 1488 1337 1530 non
1359 1472 1470 1549 debet;

332 1579 435 1636 sumta
460 1577 565 1634 autem
587 1571 715 1634 adorari
737 1589 802 1631 non
824 1575 940 1651 potest.
972 1569 1019 1630 De
1041 1569 1111 1649 ipsa
1132 1569 1227 1650 igitur
1248 1571 1391 1653 mysterii
1413 1591 1468 1634 ra-

333 1673 420 1736 tione
442 1691 480 1734 ae
501 1673 609 1748 modo,
633 1672 658 1734 si
682 1671 882 1733 durationem
905 1669 1035 1743 adimas,
1058 1670 1198 1732 sentiunt
1217 1671 1302 1732 idem
1317 1673 1469 1738 nescien-

329 1781 391 1836 tes.
432 1773 503 1848 Qua
525 1773 749 1835 observatione
778 1771 859 1833 nihil
887 1772 992 1852 petest
1013 1770 1144 1850 eogitari
1167 1770 1328 1834 efficacius
1349 1774 1393 1834 ad
1413 1795 1468 1836 re-

331 1874 513 1938 tundendos
534 1873 617 1949 illos,
640 1873 783 1955 quivos,
806 1880 870 1935 tam
894 1871 928 1931 in
949 1871 1129 1952 praesentia
1150 1871 1228 1932 reali
1243 1891 1339 1954 quam
1361 1880 1465 1937 trans·
1526 1865 1527 1888 ³

330 1975 591 2038 substantiatione
601 1973 767 2056 probanda
780 1972 963 2053 tuendaque
976 1971 1168 2047 disertiores,
1177 1973 1375 2036 cavillantur.
1385 1975 1468 2050 Quid

330 2083 436 2138 autem
457 2075 498 2138 sit
518 2074 694 2139 substantia
716 2074 876 2156 eorporis,
905 2079 945 2135 et'
964 2091 1057 2154 quam
1088 2073 1213 2134 differat
1241 2093 1260 2135 a
1289 2077 1467 2156 speciebus,

330 2195 426 2259 spero
448 2194 467 2239 a
490 2195 539 2238 me
561 2176 593 2238 in
616 2180 685 2238 tam‘
702 2176 786 2238 clara
808 2177 880 2236 luce
902 2174 1040 2256 positum
1061 2172 1110 2248 iri,
1133 2192 1227 2256 qnam
1250 2176 1402 2256 cogitatio
1414 2187 1466 2240 aut

329 2285 443 2338 motus.
485 2277 655 2358 Subjiciam
676 2295 743 2338 rem
766 2295 892 2338 omnem
915 2293 1067 2338 censurae
1087 2281 1179 2336 tuae:
1210 2295 1268 2356 per
1288 2283 1321 2338 te
1343 2295 1465 2360 appro-

329 2379 474 2453 batores,
503 2384 614 2458 perte
636 2395 818 2439 successum
839 2377 985 2457 spondeo
1007 2377 1054 2437 rei
1076 2377 1209 2438 fortasse
1236 2378 1370 2460 alicujus
1394 2399 1464 2441 mo-

329 2478 436 2553 menti,
459 2477 501 2540 ad
522 2479 701 2559 augendam
728 2476 913 2539 reunionem
943 2477 1133 2552 animarum,
1167 2478 1463 2562 defendendamque

328 2577 425 2642 fidem
448 2586 633 2641 nestram
655 2578 695 2640 ab
704 2576 969 2653 insultationibus,
993 2579 1106 2661 quibus
1117 2577 1270 2642 hactenus
1281 2579 1340 2640 tuti
1350 2581 1461 2644 fuimus

327 2681 456 2744 nonnisi
488 2679 668 2743 certaminis
701 2679 938 2741 detrectatione.
981 2681 1051 2742 Hoc
1071 2680 1199 2760 pessulo
1226 2679 1373 2763 sublato,
1403 2704 1461 2767 quo

328 2788 378 2843 tot
399 2781 557 2862 ingeniosi
579 2782 807 2855 absterreotur‚
837 2780 947 2862 ingens
974 2780 1095 2862 patebit
1124 2781 1239 2844 ostium
1270 2783 1393 2846 reditus
1425 2786 1461 2846 ad

327 2880 490 2942 unitatem.
518 2879 662 2943 Ceterum
684 2887 719 2943 ut
739 2880 836 2961 paulo
859 2881 930 2963 plus
951 2881 1027 2944 fidei
1048 2881 1167 2944 habeas
1188 2883 1355 2964 promissis
1378 2887 1461 2961 meis,

326 2979 431 3043 dicam
453 2979 573 3063 aliquid
595 2981 635 3043 de
665 2981 884 3059 solicitudine,
913 3001 975 3065 qua
1004 2983 1037 3043 in
1067 2982 1230 3064 religionis
1257 2981 1461 3066 inquisitione

324 3101 401 3145 usus
422 3099 502 3144 sum.
543 3081 662 3144 Absum
685 3081 731 3144 sio
752 3084 825 3145 satis
848 3083 1078 3145 acredulitate.
1119 3083 1206 3145 Nihil
1228 3085 1304 3148 mihi
1327 3087 1406 3168 ipsi,
1428 3107 1461 3150 ac

324 3201 408 3265 pene
429 3182 561 3245 dixerim
583 3202 623 3244 ne
644 3181 721 3244 fidei
742 3184 869 3266 quidem
892 3183 1016 3246 indulsi.
1047 3183 1172 3247 Credidi
1195 3187 1289 3263 enim,
1312 3189 1459 3271 quiequid

324 3285 501 3350 remittatur
520 3283 552 3344 in
576 3283 652 3345 tanti
674 3284 827 3347 momenti
849 3286 977 3369 negotio
1000 3287 1206 3363 aseveritate,
1229 3307 1298 3351 esse
1321 3307 1458 3369 praeva-

323 3386 522 3449 ricationem.
565 3385 714 3460 Quaesivi
735 3385 893 3461 studiose,
916 3387 1043 3470 legique
1066 3388 1189 3465 sedulo,
1220 3381 1405 3472 quicun'quc
1429 3392 1459 3452 in

323 3485 421 3551 fidem
442 3494 581 3550 nostram
603 3486 748 3550 acerrimi
776 3494 829 3549 aut
849 3506 909 3568 pro
933 3507 971 3550 ea
993 3487 1163 3552 felicissimi
1180 3489 1346 3554 hahentur.
1393 3495 1457 3555 No-

324 3586 367 3648 lui
389 3587 472 3649 enim
494 3607 544 3650 me
567 3586 740 3670 aliquando
773 3588 917 3651 mihimet
945 3589 1171 3672 negligentiam
1187 3592 1334 3674 ‚objicere
1356 3613 1458 3675 posse.

322 3685 527 3750 Consectatus
548 3707 626 3763 sum,
650 3688 800 3771 quicquid
822 3689 941 3773 ubique
964 3699 1012 3754 est
1042 3701 1229 3755 novatorum
1261 3694 1294 3754 iu
1326 3696 1455 3778 negotio

239 3775 241 3780 ’
321 3785 504 3868 religionis,
526 3808 567 3852 ne
589 3808 651 3871 qua
672 3810 722 3854 mc
745 3797 800 3852 aut
821 3792 961 3874 obJestio
983 3799 1037 3854 aut
1058 3793 1272 3856 consideratio
1294 3815 1456 3859 memora-

320 3887 394 3952 bilis
416 3888 525 3971 fugare
548 3889 580 3950 in
601 3910 724 3953 summa
745 3900 863 3973 posset
888 3893 974 3956 Unde
993 3881 1196 3976 quae'Celsus
1220 3894 1310 3972 olim,
1334 3906 1455 3977 patrum

320 3989 645 4066 memoria-vamum,
668 4011 800 4054 avorum
823 4000 877 4055 aut
897 4012 1087 4074 proavorum
1112 3994 1272 4072 Oohinus,
1302 3997 1454 4072 semotus,

318 4089 449 4151 Puoeius
477 4089 596 4166 dixere,
618 4092 813 4173 periculosa,
837 4094 948 4170 fateor,
966 4115 1025 4157 nec
1046 4103 1152 4158 tamen
1174 4096 1294 4159 infelici
1318 4100 1456 4162 curiosi-

318 4195 382 4252 tate
405 4190 537 4254 excussi.
569 4192 683 4254 Bodini
705 4194 862 4277 dialogos,
883 4194 1036 4260 hactenus
1060 4197 1212 4272 ineditos,
1236 4218 1305 4275 nee,
1329 4201 1357 4264 si
1382 4202 1454 4284 quid

316 4288 440 4370 pietatis
461 4300 623 4374 respectus
644 4302 769 4374 potest,
802 4316 940 4380 unquam
963 4299 1125 4374 edendos,
1157 4319 1237 4381 quos
1260 4300 1301 4362 de
1323 4303 1452 4365 Aroanis
