3072 5020
454 282 605 341 LlillliilZ.
641 280 824 340 ARNAULD.
1156 285 1205 344 139

66 461 109 524 sit
139 459 290 524 transitus
312 457 453 542 ejusdem
475 477 514 520 ex
534 464 615 522 statu
637 458 670 520 in
692 463 816 521 statum.
858 455 926 518 lmo
951 475 1017 520 rem
1040 457 1153 519 mutari
1173 455 1206 518 in

66 582 139 624 rem
159 561 227 643 jam
249 559 442 635 existentem,
465 577 536 620 cum
557 566 661 622 tamen
684 559 798 620 mutmi
819 557 860 620 sit
880 555 953 619 fiais
974 556 1066 618 unius
1089 564 1121 620 et
1141 556 1207 620 ini-

66 663 149 724 tium
171 659 310 733 alterius,
333 679 370 722 ao
391 658 525 740 proinde
547 657 590 733 id,
613 661 700 743 quod
721 661 783 722 iam
806 665 862 733 est,
883 656 953 720 fieri
976 677 1015 720 ex
1035 656 1108 720 alio.
1137 657 1208 720 Hoc

65 761 208 844 amplius
230 760 314 822 idem
334 759 403 822 fieri
425 779 465 821 ex
486 759 590 822 multis
604 759 745 834 diversis,
767 766 866 823 totum
888 777 928 820 ex
949 757 1089 838 singulis,
1112 765 1208 840 atque

67 861 112 922 ita
136 859 244 921 multis
265 859 297 921 in
318 860 422 941 ipsum
444 859 570 923 mutatis
592 879 657 922 non
680 861 797 943 augeri,
820 879 856 923 ac
879 859 1010 940 perinde
1032 878 1111 933 esse,
1133 859 1208 921 acsi

67 980 138 1022 non
160 960 222 1023 nisi
243 980 340 1022 unum
362 979 474 1022 eorum
495 961 682 1042 recepisset,
710 962 743 1024 id
777 969 825 1026 est
851 959 1044 1022 tantumdem
1077 958 1146 1022 fieri
1170 979 1209 1022 ex

67 1068 142 1124 toto
166 1068 199 1124 et
221 1067 386 1140 exparte,
409 1078 446 1122 ac
461 1060 597 1143 proinde
618 1067 718 1125 totum
740 1063 821 1143 parti
844 1061 979 1144 aequale
1000 1079 1090 1138 esse;
1113 1061 1209 1124 deni·

69 1182 136 1244 que
155 1161 268 1243 jactari
288 1161 498 1236 mutationes,
519 1181 637 1245 easque
658 1163 900 1238 substantiales,
923 1181 983 1224 nec
1002 1170 1108 1225 tamen
1130 1162 1207 1244 quid

69 1264 118 1325 rei
143 1269 246 1324 aetum
268 1260 326 1335 sit,
349 1279 431 1343 quae
454 1261 514 1335 vis,
538 1263 606 1344 quis
629 1263 759 1326 effectus
781 1263 902 1340 subsit,
924 1263 999 1346 qaid
1021 1262 1100 1325 illud
1121 1262 1208 1324 reale

69 1365 111 1426 sit
135 1363 168 1423 in
191 1361 303 1438 hostia,
327 1381 382 1424 cur
403 1380 518 1443 corpus
542 1361 654 1426 Christi
676 1364 853 1445 appelletur
874 1364 989 1445 potius,
1012 1363 1209 1445 quampanis

69 1464 155 1526 alius
179 1463 289 1545 quivis,
313 1464 362 1526 eui
384 1483 441 1544 per
463 1464 569 1525 omnia
590 1464 700 1526 similis
722 1472 778 1540 est,
801 1465 861 1528 nisi
884 1465 971 1546 quod
992 1464 1057 1526 alio
1079 1463 1209 1526 nomine

69 1565 260 1638 honoretur,
284 1563 345 1626 dici
366 1583 471 1644 posse.
493 1564 581 1626 llaec
602 1563 658 1637 illi,
680 1565 784 1648 iisque
795 1565 938 1628 duriora:
961 1563 1207 1647 quibusoptan-

69 1668 149 1729 dum
172 1671 221 1726 est
242 1664 395 1726 exarmari
417 1683 520 1744 posse.
562 1665 697 1738 Addidi,
720 1667 784 1728 duo
806 1666 967 1728 hominum
991 1682 1107 1746 genera
1129 1684 1209 1746 esse,

70 1767 189 1849 quibus
210 1762 465 1845 persuadendum
487 1765 536 1827 sit.
567 1765 656 1828 Alios
677 1767 770 1840 enirn,
793 1768 977 1848 praesertim
999 1766 1031 1828 in
1053 1764 1148 1828 rebus
1169 1765 1210 1827 ab

70 1887 134 1928 usu
156 1866 241 1929 vitae
263 1865 436 1928 communis
458 1866 596 1938 remotis,
618 1869 805 1932 auctoritate
827 1867 909 1941 duci,
932 1866 1210 1948 aerioreminqui-

69 1968 223 2030 sitionem
245 1966 276 2026 in
297 1965 447 2028 interiora
467 1985 571 2028 rerum
593 1967 662 2029 aliis
685 1970 951 2032 transscribentes.
991 1968 1027 2028 ln
1048 1967 1111 2028 boc
1132 1966 1210 2028 nihil

69 2067 240 2130 vetustatis
261 2065 457 2143 testimoniis,
480 2068 618 2148 gentium
641 2088 806 2132 consensu.
838 2069 924 2132 Alios
937 2062 1067 2149 proprio
1080 2061 1209 2147 ingenio

71 2166 315 2250 philosophari:
337 2167 547 2243 aubeterre,
570 2168 629 2231 nisi
652 2189 733 2252 quae
755 2170 839 2234 clare
860 2169 1070 2249 distincteque
1091 2167 1211 2248 percipi

71 2276 229 2352 possunt;
251 2267 350 2329 multo
373 2268 474 2330 minus
496 2289 573 2332 vero
596 2288 654 2343 ea,
676 2290 758 2352 quae
781 2279 899 2352 quanto
922 2269 1117 2350 explicantur
1139 2285 1211 2330 ma-

72 2373 132 2453 gis,
156 2375 247 2430 tanto
270 2368 470 2448 implicantur
491 2371 606 2451 magis:
629 2371 735 2436 odisse
759 2373 866 2437 omnia
887 2371 942 2434 illa
963 2369 1135 2444 uocabula,
1158 2376 1211 2430 aut

72 2471 155 2533 nihil
178 2467 396 2550 significantia,
419 2479 472 2532 aut
494 2469 688 2552 inexplicata,
711 2473 825 2554 quibus
847 2473 954 2534 inania
965 2477 1121 2553 teguntur.
1154 2470 1212 2532 His

73 2589 264 2657 persuasum
286 2589 375 2646 esse,
403 2578 546 2647 veteres,
575 2573 742 2634 maximam
763 2579 883 2654 partem
905 2570 1128 2651 philosophiae
1150 2589 1211 2632 ex-

73 2682 194 2757 pertes,
215 2688 361 2752 magnam
382 2678 504 2751 partem
526 2672 620 2734 etiam
642 2692 763 2747 osores,
785 2671 1082 2736 rhetoricationibus
1101 2671 1211 2734 indul-

73 2779 167 2849 sisse,
190 2780 224 2836 ut
245 2772 391 2854 mysteria
402 2771 477 2834 fidei
488 2773 657 2836 redderent
666 2774 751 2854 plebi
762 2773 1012 2836 admirabiliora:
1033 2773 1214 2854 indepaul-

73 2877 165 2940 latim
195 2872 326 2954 phrases
355 2873 388 2933 in
415 2873 530 2955 dogma
559 2875 742 2949 transiisse;
771 2873 963 2957 posteriores
993 2874 1213 2950 Scholasticos,

74 2978 195 3041 arnissa
217 2972 342 3036 dicendi
364 2973 495 3051 ratione,
517 2975 550 3036 in
573 2975 666 3038 miras
688 2975 920 3057 speculationes
943 2995 1129 3051 conversos,
1152 2997 1214 3057 pe-

72 3078 200 3162 perisse
221 3075 314 3136 nobis
336 3074 572 3156 philosophiam
593 3077 680 3138 illam
697 3097 861 3158 nugacem,
883 3077 999 3140 nemini
1011 3076 1212 3152 intellectam,

48 3225 55 3240 ,
74 3195 226 3260 magnam
247 3183 368 3256 partem
389 3176 459 3238 sola
476 3177 825 3240 transsubstantiatione
837 3177 1010 3251 detonsam,
1032 3176 1214 3239 autsoliilli

76 3277 300 3342 detendendae
322 3284 544 3364 comp-aratam.
565 3279 651 3340 Talia
672 3280 843 3352 Bacouum,
866 3278 1046 3352 llobbeum,
1069 3283 1213 3339 autorem

76 3380 152 3442 libri
174 3377 335 3439 horribilis
359 3378 469 3458 nuperi
491 3380 532 3440 de
553 3377 696 3440 libertate
718 3377 981 3460 philosophandi,
1004 3379 1120 3458 ingenti
1142 3396 1215 3440 ma-

77 3499 216 3563 gnorum
238 3495 314 3540 suae
336 3484 440 3540 sectae
461 3479 601 3541 virorum
622 3479 743 3560 plausu,
766 3478 940 3555 induxisse3
962 3486 993 3541 et
1011 3478 1122 3540 mirum
1135 3497 1215 3554 esse,

78 3600 177 3664 quam
199 3598 256 3641 eos
279 3577 471 3643 confirmarit
493 3579 621 3643 Cartesii
643 3580 863 3663 philosophia,
886 3586 973 3641 tanto
995 3581 1035 3641 ab
1057 3578 1135 3658 ipsis
1156 3597 1215 3640 as-

77 3701 176 3746 sensu
196 3686 351 3760 recepta,¹
371 3686 436 3741 tum
460 3682 547 3763 quod
575 3689 737 3758 accurata,
760 3690 837 3743 tum
859 3680 946 3762 quod
968 3683 1130 3742 Romanae
1160 3701 1218 3744 ee-

79 3783 199 3846 clesiae
228 3780 469 3843 inconciliabilis
498 3782 665 3844 videretur.
708 3784 784 3844 Nam
814 3781 868 3864 qui
902 3781 1019 3856 credit,
1049 3783 1215 3843 essentiam

79 3881 226 3965 corporis
248 3881 421 3942 consistere
434 3881 466 3942 in
477 3883 668 3957 extensione,
691 3884 838 3945 credetne
849 3902 989 3964 unquam
1002 3902 1117 3964 corpus
1135 3883 1219 3944 alie-

78 4005 154 4046 nam
178 3983 392 4044 extensionem
413 3983 519 4045 subire
540 4004 652 4065 posse,
674 3992 798 4046 servata
819 3983 992 4046 substantia
1012 3985 1091 4045 sual
1128 3983 1217 4046 Unde

81 4103 196 4149 omnes
208 4083 339 4146 Curtesii
361 4084 394 4144 in
415 4086 608 4147 contrarium
629 4085 873 4167 protestationes
895 4085 1056 4146 simulatas
1079 4089 1110 4146 et
1131 4082 1216 4144 iacto

80 4185 258 4251 contrarias
281 4184 385 4245 credi:
406 4185 490 4246 idem
502 4186 751 4249 Societatislesu
763 4205 801 4248 ac
821 4169 1047 4268 plerorumque
1070 4183 1216 4244 ordinum

80 4289 122 4350 de
145 4285 284 4350 Cartesio
304 4285 458 4368 judicium
480 4307 567 4365 esse;
599 4285 729 4349 Cartesii
760 4285 997 4368 philosophiam
1026 4283 1125 4346 abiis
1158 4303 1217 4364 pro

80 4398 172 4472 peste
194 4387 358 4470 religionis
379 4406 456 4450 suae
478 4386 605 4465 haberi;
627 4387 689 4451 hoe
711 4390 751 4451 ab
773 4389 906 4453 aduersa
927 4392 1017 4468 parte
1039 4404 1097 4466 pro
1119 4402 1219 4465 argn-
