3072 5020
541 223 742 279 ranorum.
1127 289 1131 294 Δ
1158 231 1212 286 207

76 400 349 475 constituentibus,
374 418 455 481 quae
477 399 535 461 teti
555 398 757 479 homogenea
777 403 858 469 sunt,
890 417 1006 459 nomen
1028 402 1126 479 partis
1149 405 1213 466 im.

76 513 210 586 ponunt,
232 522 336 584 neque
357 509 506 582 punctum
529 500 689 582 appellare
710 498 814 561 solent
836 499 939 561 lineae
961 509 1090 580 partem.

162 606 357 668 Discrimen⁵
381 610 428 664 est
448 603 529 664 inter
549 602 735 662 relationem
758 600 861 662 lineae
884 601 924 661 ad
946 608 1061 682 puneta
1084 610 1114 664 et
1137 624 1213 666 eor-

75 710 166 790 poris
189 710 230 770 ad
252 705 451 770 substantias.
493 706 569 765 Nam
596 703 628 764 in
659 702 749 765 lineis
777 702 1027 783 intelligibilibus
1056 706 1142 766 nulla
1166 715 1213 768 est

77 811 192 872 divisio
215 807 438 879 determinata,
462 806 518 867 sed
548 805 716 886 possibiles
738 803 933 880 indefinitae,
966 804 998 876 in
1020 807 1113 868 rebus
1136 827 1212 870 vero

76 913 218 974 actuales
240 909 410 972 divisiones
433 914 506 969 sunt
528 906 644 981 factae,
675 914 704 967 et
727 906 866 966 instituta
887 907 1039 968 resolutio
1063 909 1212 970 materiae

78 1015 110 1074 in
142 1012 271 1073 formas.
313 1010 407 1083 Quod
429 1015 544 1088 puncta
573 1008 697 1068 suntin
726 1007 922 1070 resolutione
951 1008 1149 1090 imaginaria,
1179 1011 1212 1071 id

78 1115 203 1175 animae
225 1113 257 1172 in
277 1129 362 1173 vera.
404 1110 502 1170 Linea
524 1129 588 1171 non
612 1116 658 1170 est
679 1116 880 1188 aggregatum
902 1117 1108 1189 punctorum,
1139 1111 1213 1192 quia

80 1215 111 1274 in
140 1213 225 1274 linea
248 1231 312 1273 non
343 1219 413 1272 sunt
443 1217 546 1292 partes
575 1216 660 1286 aetu3
690 1209 745 1270 sed
775 1211 904 1271 materia
934 1218 981 1272 est
1009 1218 1212 1292 aggregatum

78 1313 332 1388 substantiarum,
356 1312 429 1394 quia
450 1312 482 1372 in
504 1311 634 1374 materia
655 1319 728 1373 sunt
745 1319 852 1391 partes
873 1319 953 1374 aeto.

631 1651 663 1710 E.

489 1805 600 1860 Leibniz
620 1823 654 1860 an
673 1805 805 1862 Fardella.

578 1969 721 1978 ·-—--·—-

77 2082 237 2144 Dn.ldicb.
245 2081 367 2162 Angelo
377 2063 540 2143 Fardellae
552 2081 727 2162 professori
735 2083 884 2144 Patavino
900 2063 1212 2190 133Septembr.16ll(i.
1288 2076 1292 2084 ¹

206 2260 262 2320 Vir
284 2260 496 2334 celeberrime,
519 2262 623 2322 fautor
646 2267 676 2322 et
698 2260 797 2322 amice
818 2259 1017 2338 honorande.

166 2403 287 2464 Gratias
317 2423 376 2484 ago
404 2404 490 2485 quod
515 2403 677 2484 Ongarelli
706 2401 871 2463 meministi
903 2395 1102 2481 aliorumque
1132 2422 1213 2483 quae

77 2505 296 2568 desiderabam
321 2503 605 2584 cireaVergeriana
624 2512 655 2566 et
674 2502 899 2564 monasterium
911 2501 1083 2562 Carnorum.
1115 2502 1214 2564 Salis-

80 2606 171 2685 burgi
193 2605 302 2666 relicta
322 2625 415 2684 spero
438 2606 478 2665 ad
500 2625 559 2666 nos
581 2606 720 2666 delatum
743 2604 779 2664 iri
804 2605 977 2664 interventu
999 2602 1214 2686 amioiAugu-

78 2706 171 2768 stani.
212 2705 397 2787 Perplaeent
426 2705 519 2767 etlam
548 2724 629 2787 quae
660 2707 699 2766 de
732 2724 829 2786 opere
860 2711 913 2764 tuo
943 2723 1017 2763 mox
1038 2702 1212 2783 ¹proditore

81 2814 296 2869 memorantur
317 2807 350 2866 in
373 2806 490 2868 scheda
513 2826 606 2888 quam
629 2806 740 2867 misisti
762 2805 811 2867 eui
833 2805 941 2866 titulus
965 2811 1012 2866 est
1036 2806 1173 2866 Gallonio
1184 2808 1214 2868 di
1264 2821 1267 2830 '

140 3005 167 3057 5)
183 3005 224 3048 Ein
239 3006 370 3061 eingelegtes
385 3005 496 3048 Bldttchen
511 3004 591 3048 enth't'dt
606 3005 705 3061 fulgendo
720 3004 820 3061 Fassung
834 3005 905 3048 dieses
912 3003 1029 3048 Absatzes:
1045 2993 1107 3050 Hoc
1127 2998 1214 3050 inter-

79 3097 123 3143 est
143 3087 214 3140 inter
233 3087 348 3151 modum,
369 3105 422 3159 quo
440 3088 512 3140 linea
538 3089 710 3142 constituitur
732 3088 837 3158 punctis
858 3095 884 3140 et
903 3105 957 3159 quo
977 3087 1087 3140 materia
1108 3057 1215 3139 consti-x

79 3179 167 3232 tuitur
187 3193 219 3230 ex
239 3175 394 3229 substantiis
415 3195 483 3249 quae
503 3179 530 3229 in
551 3195 581 3230 ea
601 3187 672 3242 suut,
692 3178 763 3248 quod
783 3186 942 3247 punctorum
962 3193 1154 3229 numerusnon
1173 3183 1214 3228 est

78 3267 283 3330 determinatus,
303 3276 328 3320 at
339 3267 547 3320 substantiarum
567 3286 704 3332 numeruS,
724 3268 774 3321 etsi
793 3267 913 3320 infinitus
932 3267 975 3324 sit,
995 3275 1083 3319 tamen
1101 3275 1215 3319 estcer-

79 3368 125 3411 tus
154 3374 185 3409 ac
209 3356 418 3420 determinatns3
445 3359 564 3411 nascitur
583 3359 654 3429 enim
675 3376 707 3410 ex
726 3356 824 3409 actuali
844 3356 976 3408 divisione
996 3356 1132 3419 materiae,
1158 3373 1214 3408 non

79 3467 114 3502 ex
133 3446 257 3517 possibili
283 3455 395 3505 tentum.
416 3445 527 3524 ‘Neque
555 3448 627 3501 enim
655 3447 769 3500 materia
796 3445 880 3498 divisa
908 3453 949 3498 est
975 3444 1100 3498 omnibus
1127 3443 1214 3496 modis

78 3536 267 3609 possibilibus,
295 3536 343 3590 sed
362 3537 442 3606 certis
463 3538 622 3608 quibusdam
643 3537 863 3607 proportionibus
882 3535 1004 3599 servetis,
1032 3542 1062 3587 ut
1082 3532 1213 3596 machina,

77 3627 193 3699 piscina,
213 3643 285 3695 grex.
1282 3697 1287 3704 1

153 3715 239 3770 Linea
260 3734 313 3770 non
333 3724 373 3770 est
390 3725 561 3787 aggregatum
581 3727 751 3788 punctorum,
771 3735 831 3772 oum
848 3725 937 3770 tumen
952 3731 1050 3785 corpus
1065 3714 1099 3766 sit
1116 3731 1213 3784 aggre-
1230 3785 1236 3791 .

79 3817 173 3879 gotum
193 3807 411 3860 substantiarum.
1192 3801 1193 3804 ’

155 3893 210 3961 Qui
230 3905 332 3950 atomos
352 3897 515 3961 stabilivere,
533 3895 659 3951 viderunt
677 3905 778 3966 partem
798 3895 927 3950 veritatis.
954 3892 1214 3964 Agnoverontenim

80 3987 116 4040 ad
135 4003 217 4039 unum
238 3986 341 4058 aliquid
360 3987 525 4040 indivisibile
544 3987 741 4041 deveniendum
761 4003 828 4050 esse,
853 3984 924 4057 quod
945 3985 980 4038 sit
998 3985 1069 4038 basis
1090 3984 1215 4037 multitu-

81 4077 163 4142 dinis,
182 4077 230 4130 sed
250 4077 277 4129 in
297 4095 330 4130 eo
350 4086 483 4142 errarunt,
503 4077 576 4147 quod
594 4077 725 4130 unitatem
745 4076 772 4129 in
783 4076 894 4129 materia
910 4075 1108 4146 quaesiverunt,
1122 4074 1216 4126 credi-

81 4169 234 4239 deruntque
252 4183 333 4236 posse
353 4184 449 4238 eorpus
469 4167 536 4232 dari,
556 4167 628 4239 quod
647 4184 709 4222 vere
728 4167 763 4219 sit
781 4166 928 4219 substantia
948 4182 1000 4218 una
1020 4163 1200 4218 indivisibilis.

156 4255 398 4321 Considerandum,
418 4274 451 4309 an
472 4275 525 4310 non
546 4257 642 4310 debeat
661 4256 760 4326 aliquid
781 4271 841 4308 esse
862 4255 889 4308 in
900 4255 1010 4308 materia
1025 4261 1131 4323 praeter
1147 4253 1214 4306 sub·

82 4348 194 4402 stantius
215 4347 274 4400 illas
295 4347 480 4406 indivisibiles,
1058 4358 1061 4362 ·
