3072 5020
476 351 631 406 LElBNlZ.
668 350 848 408 annuato.
1179 357 1231 413 149

93 545 181 600 cum,
204 525 259 586 ubi
282 526 386 588 turbat
408 527 521 602 minus,
543 527 577 587 id
599 534 646 587 est
675 526 729 587 uhi
751 523 886 586 aetheris
909 533 1012 588 motus
1035 526 1137 586 minus
1159 525 1231 588 for-

92 626 150 700 tis,
174 625 206 687 id
229 631 277 688 est
297 647 405 691 versus
428 633 579 689 centrum.
621 627 767 708 Denique
798 625 825 686 si
857 625 933 706 quid
963 626 994 687 in
1018 628 1132 688 eodem
1154 627 1230 688 loco

92 726 135 787 ita
156 727 267 801 libere,
290 733 393 788 tamen
414 725 528 803 finum,
552 728 609 802 sit,
642 735 676 789 ut
696 725 760 790 hue
781 727 856 788 illuc
876 728 955 790 verti
975 721 1091 807 possin
1115 728 1146 788 in
1160 747 1232 788 eum

92 846 125 888 sc
155 827 250 888 situm
285 827 451 908 disponet,
484 847 546 910 qua
576 830 675 889 motui
705 827 841 888 aetheris
871 827 998 900 minime
1019 829 1132 890 obstat.
1176 828 1232 888 Est

91 935 199 1007 autem
221 936 324 990 motus
346 927 482 990 aetheris
504 929 711 1002 fortissimus,
742 929 796 1010 qui
819 928 922 990 lucem
950 929 1067 990 directe
1089 929 1231 1008 sequitur

93 1029 132 1089 ab
166 1029 289 1091 oriente
311 1029 351 1090 ad
384 1029 580 1092 occidentem
609 1050 666 1110 per
694 1029 874 1110 parallelos.
917 1029 1048 1091 Lentior
1077 1037 1124 1090 est
1152 1029 1231 1090 alter

92 1129 241 1210 obliquus
262 1127 436 1208 pressionis
457 1130 489 1189 in
512 1129 602 1203 latus,
630 1150 688 1211 per
710 1129 969 1212 consequentiam
992 1136 1113 1192 tantum
1136 1129 1230 1210 geni-

36 1304 40 1308 ,
92 1240 150 1305 tus,
174 1232 215 1291 ad
237 1229 331 1310 polos
353 1249 411 1310 per
433 1230 635 1291 meridianos.
669 1230 751 1292 Hinc
772 1249 908 1311 corpora
921 1231 1130 1310 tandempost
1144 1231 1231 1292 mal-

91 1340 139 1391 tas
162 1329 347 1411 agitationes
370 1331 579 1392 extremitates
601 1348 673 1391 suas
704 1351 768 1392 uon
802 1331 916 1392 orienti
939 1339 1033 1412 atque
1065 1331 1230 1403 occidenti,

92 1453 148 1492 seu
171 1431 272 1492 motui
293 1430 428 1493 aetheris
450 1431 583 1506 fortiori,
606 1451 711 1512 neque
722 1432 849 1504 directe,
873 1449 977 1512 neque
990 1430 1119 1513 oblique
1137 1431 1230 1493 valde

17 1537 20 1552 '
92 1541 268 1612 opponunt,
291 1532 474 1612 acproinde
497 1533 578 1592 inter
600 1532 693 1612 polos
715 1531 920 1594 collocantur.
950 1532 1045 1605 Quod
1059 1551 1132 1594 ‚non
1155 1539 1230 1592 tnn-

91 1642 156 1695 tum
181 1633 221 1694 de
243 1632 435 1713 magneticis,
458 1632 514 1693 sed
529 1633 701 1707 etceteris,
726 1633 827 1694 minus
849 1639 954 1695 tamen
977 1631 1157 1694 notabiliter
1169 1653 1229 1695 ve-

91 1755 163 1795 rum
186 1741 241 1795 est.
270 1735 311 1793 nt
331 1754 386 1795 cur
408 1733 439 1794 in
451 1733 559 1813 paucis
583 1741 702 1794 tantum
725 1732 914 1806 notabiliter,
942 1733 1015 1813 quia
1038 1733 1081 1794 nti
1102 1751 1230 1812 pauco-

90 1856 162 1896 rum
186 1854 373 1914 corporum,
406 1833 439 1894 id
469 1840 516 1896 est
543 1835 783 1914 perspicuorunr
813 1842 950 1908 tantum,
980 1841 1102 1898 textura
1134 1835 1230 1898 radiis

91 1935 171 1997 lucis
194 1935 368 2014 aequaliter
389 1934 499 2013 pervia
520 1941 583 2008 est,
599 1931 650 1996 ⁴ita
679 1935 830 2015 pauciora
862 1935 957 2016 longe
991 1954 1128 2016 corpora
1147 1935 1229 2011 sunt,

90 2055 176 2118 quae
198 2037 322 2117 utrique
343 2034 435 2096 simul
465 2035 561 2096 motui
588 2035 723 2096 aetheris
754 2035 794 2094 ah
827 2034 948 2096 oriente
971 2034 1003 2094 in
1036 2037 1230 2098 occidentem

90 2143 124 2198 et
145 2156 165 2197 a
187 2137 314 2216 tropicis
335 2137 367 2198 in
389 2136 481 2216 polos
504 2135 772 2198 accommodarint
792 2154 890 2214 poros
910 2153 1002 2211 suos;
1035 2136 1230 2216 qualiasunt

90 2237 280 2316 magnetica·
299 2243 428 2298 tantum.
472 2231 596 2300 At'cur
618 2237 664 2299 vis
697 2235 824 2298 elastica
857 2240 909 2294 aut
941 2235 1143 2298 descensoria
1164 2243 1228 2298 tam

89 2337 185 2400 fortis
204 2344 260 2410 est,
281 2336 438 2398 verticitas
463 2342 525 2396 tam
546 2337 654 2399 lentat
687 2336 767 2410 Quia
790 2354 808 2396 a
832 2335 1049 2415 penetratione
1071 2357 1129 2417 per
1150 2358 1227 2400 cor-

89 2438 180 2519 poris
202 2437 296 2498 solidi
319 2455 415 2516 poros
438 2436 548 2518 utique
570 2438 656 2502 varie
676 2438 811 2499 intortos
834 2437 1012 2511 derivatur,'
1025 2446 1055 2498 et
1076 2438 1228 2503 illiccor-

89 2536 295 2620 pus-aetheri
317 2538 440 2610 obstat,
462 2537 552 2598 sicuti
574 2538 626 2600 hic
648 2539 679 2599 in
703 2539 789 2600 omui
811 2538 871 2600 situ
894 2538 1080 2618 quibusdam
1102 2539 1228 2617 promi-

89 2639 206 2701 nentiis
228 2646 259 2700 et
279 2639 421 2701 cavernis
444 2639 597 2718 congruit,
621 2639 809 2721 quibusdam
832 2639 944 2710 obstat,
967 2657 1003 2698 ac
1016 2639 1140 2700 taudem
1153 2646 1227 2718 post

88 2741 207 2810 multas
236 2739 503 2818 reciprocationes
532 2757 571 2800 ac
603 2745 796 2800 tentamenta
826 2738 919 2802 situm
948 2737 1066 2802 invenit
1096 2737 1226 2800 minime

89 2843 282 2906 obstantem.
320 2839 351 2900 Si
373 2839 442 2920 quis
464 2858 594 2918 magnes
616 2859 711 2918 purus
735 2847 826 2914 esset,
850 2846 935 2903 certe
955 2839 1065 2901 fortius
1087 2837 1225 2899 circum-

87 2948 246 3023 ageretur.
267 2939 424 3002 Credibile
435 2946 491 3014 est,
514 2959 607 3019 posse
630 2961 669 3002 ex
690 2940 751 3001 hac
764 2939 934 3021 hypothesi
957 2947 1060 3002 motus
1083 2938 1223 3002 aetherei

86 3041 226 3106 inveniri
266 3040 435 3120 aliquando
469 3049 649 3105 constantes
682 3041 902 3104 declinationis
935 3041 1223 3106 variaerationes.

87 3143 205 3223 Sparsa
228 3149 276 3202 est
297 3148 401 3202 autem
424 3141 600 3222 magnetica
623 3143 668 3204 vis
691 3162 793 3223 prope
813 3162 870 3222 per
894 3142 999 3202 omnia
1014 3149 1126 3214 terrae,
1149 3141 1223 3200 etin

88 3243 178 3308 omni
201 3241 278 3302 limo
300 3241 460 3303 communi
482 3243 696 3321 experimento
719 3241 886 3304 manifesta
907 3242 997 3302 reddi
1020 3247 1133 3320 potest.
1206 3305 1208 3312 ¹

172 3344 271 3404 Porro
286 3361 342 3403 rex
368 3342 398 3403 vi
427 3343 556 3404 elastioa
582 3343 734 3424 pleraque
757 3350 860 3405 cetera
886 3340 1071 3403 admiranda
1093 3345 1222 3400 naturae

85 3445 311 3527 phaenomena
323 3441 463 3504 deduco:
486 3461 622 3523 corpora
641 3444 719 3506 dura
741 3444 827 3506 duris
849 3442 983 3522 impacta
999 3440 1071 3500 ideo
1092 3446 1180 3499 tauta
1191 3439 1221 3501 vi

85 3544 246 3626 repercuti
268 3543 522 3624 arbitror‚.quod
545 3543 829 3623 excipienssubito
853 3559 1070 3620 compressum
1080 3539 1222 3603 restituat

84 3667 158 3709 sese
179 3644 278 3706 instar
299 3663 390 3705 arcus
412 3643 556 3704 relaxati:
589 3646 628 3704 ab
652 3645 770 3716 eodem·
796 3641 953 3723 principio
983 3647 1088 3702 motus
1112 3648 1221 3702 natura

84 3745 471 3827 impressiprojrrctorum
493 3743 765 3819 accelerationem,
788 3745 958 3806 descensus
980 3742 1142 3820 gravium,
1175 3741 1220 3802 li-
1306 3819 1308 3826 γ

83 3846 248 3911 brationes
271 3845 400 3926 penduli
423 3844 675 3927 chordarumque
688 3851 808 3926 repeto.
840 3844 879 3904 Et
897 3842 1137 3923 quodomnium
1149 3861 1222 3905 ma.-

83 3948 204 4009 ximum
229 3954 290 4021 est,
326 3946 409 4008 viam
431 3943 539 4026 aperio
563 3945 604 4004 ad
625 3945 801 4007 reddendas
825 3945 923 4006 claras
945 3942 1141 4004 mechanicas
1164 3962 1220 4004 ra-

84 4049 192 4110 tiones
222 4046 420 4114 subtiliorum
452 4051 583 4118 naturae
611 4046 770 4112 actionum
793 4044 1092 4121 ¹vehementiorum²
1127 4060 1221 4122 quam

85 4148 173 4209 mole
196 4146 337 4228 agentis,
358 4166 494 4228 quorum
517 4146 806 4220 effectustantum,
839 4145 895 4208 sed
918 4142 1221 4207 administrationem

86 4269 153 4310 nou
175 4249 349 4324 sentimum
369 4247 479 4328 quales
501 4254 574 4308 sunt
595 4245 791 4328 sympathiae
813 4251 843 4306 et
865 4243 1075 4325 antipathiae,
1105 4241 1222 4301 reacti-

85 4369 184 4424 oues,
207 4349 399 4423 solutiones,
420 4347 687 4422 fermentationes,
709 4346 992 4426 praecipitationes,
1016 4341 1221 4422 deflagratio-

87 4470 161 4525 nes,
184 4450 479 4533 displosionumqua
503 4468 597 4511 omne
620 4467 726 4527 genus,
751 4465 828 4528 quas
852 4465 911 4526 ego
934 4463 952 4504 a
973 4443 1043 4503 sola
1064 4441 1221 4522 inaequa-
