3072 5020
561 213 763 272 anabaust.
1177 217 1227 274 201

96 402 292 482 plecteretur,
315 402 468 486 adjunctis
491 403 749 479 dubitationibus,
781 422 862 486 quae
884 406 927 466 ita
949 401 1082 480 babent,
1106 411 1140 466 ut
1161 406 1227 488 ipse

97 503 172 565 mihi
194 505 234 566 ed
257 505 498 567 examinandum
521 507 777 570 communicavit:

513 643 757 726 Propositio
783 643 810 708 1.

283 745 368 806 Deus
390 745 430 806 ab
457 744 547 807 initio
575 766 640 808 non
661 752 780 808 tantum
803 742 955 805 infinitam
978 739 1084 806 rerum
1106 747 1228 825 seriem,

222 865 328 907 verum
339 845 576 908 etiaminfinitas
587 846 835 909 combinationes
847 844 1058 925 possibiles
1071 847 1229 911 actionum

222 947 404 1028 passionum
431 946 701 1030 mutationemque
722 947 860 1028 ipsarum
882 966 987 1008 rerum
1010 948 1177 1028 praescivit
1199 958 1230 1013 et

222 1048 530 1128 praedeterminavit‚
568 1049 833 1132 quemadmodum
873 1046 941 1129 ipsa
980 1056 1091 1112 eventa
1130 1051 1230 1114 libera

221 1149 413 1232 singularum
435 1151 587 1212 mentium
609 1158 795 1213 creatarum.

445 1287 618 1351 Dubium
642 1307 718 1350 rev.
741 1287 880 1368 patris.

285 1389 355 1452 Non
386 1391 465 1453 satis
490 1389 638 1468 intellipo,
668 1388 816 1469 quomodo
844 1387 1017 1467 ltaJasneadi
1043 1389 1102 1450 Dei
1127 1409 1229 1469 prae—

223 1491 353 1551 scientia
373 1497 404 1552 et
421 1490 716 1570 praedeterminatio
739 1507 807 1551 cam
827 1489 979 1551 bonanae
1000 1491 1110 1553 mentis
1131 1493 1229 1554 liber-

224 1598 289 1658 tate
310 1593 471 1654 conciliari
497 1592 609 1656 caleat.
651 1590 828 1653 Haemode
849 1591 945 1668 enirn,
977 1592 1122 1673 quicquid
1140 1594 1229 1657 boma

224 1700 341 1772 aperet,
361 1693 540 1756 necessario
555 1691 689 1755 evitabili
704 1700 734 1755 et
747 1693 830 1756 celat
843 1692 936 1771 fatali
952 1693 1085 1774 quadarn
1106 1697 1229 1758 ratione

225 1803 340 1874 aperet.
392 1796 428 1856 Si
448 1795 480 1856 in
500 1795 634 1856 bantana
655 1803 754 1857 mente
776 1813 837 1857 non
858 1801 941 1856 esset
960 1794 1059 1857 cirtae
1080 1798 1230 1876 quaedam

223 1915 257 1957 se
278 1897 500 1958 mianunandi
521 1915 542 1957 a
562 1915 596 1958 se
617 1897 703 1975 ipsa,
731 1898 790 1959 sed
818 1897 858 1959 ab
880 1898 942 1959 atio
963 1897 1230 1977 determinaretur,

223 2017 284 2058 reon
298 1999 443 2077 profecto
455 1999 489 2060 id
504 2004 598 2059 extra
611 1997 670 2059 Dei
684 1997 855 2060 libertatem
871 2005 1133 2078 repraesentaret.
1161 1997 1231 2063 Nan

224 2107 272 2160 est
292 2099 415 2162 evidens
434 2099 609 2177 hujusmodi
634 2099 945 2178 praedeterminantes,
979 2099 1070 2162 acati
1096 2099 1232 2163 dabdari

221 2206 336 2278 potest,
359 2220 401 2263 an
421 2220 494 2263 cere
515 2200 606 2261 detur
627 2201 659 2262 in
673 2201 740 2266 Dec
759 2202 838 2263 baec
856 2201 1068 2281 praescientia
1088 2210 1232 2282 respecta

222 2300 397 2379 [tatarorum
412 2303 586 2365 liberorum.
630 2301 696 2364 Nec
714 2303 833 2366 uidetur
850 2303 928 2365 baec
942 2304 1155 2382 praescientia
1172 2305 1232 2366 Dei

222 2403 422 2480 necessaria;
444 2402 518 2485 qaid
538 2402 640 2466 obstat
662 2405 741 2466 enim
761 2407 806 2467 ita
825 2403 923 2468 Deam
944 2405 1094 2466 dumanas
1115 2413 1232 2468 mentes

223 2504 318 2566 libere
344 2505 376 2566 in
403 2523 494 2568 mana
527 2506 713 2586 oceanoque
741 2525 798 2568 sao
826 2507 1039 2584 constituisse,
1071 2514 1106 2569 at
1133 2526 1231 2588 nepae

225 2607 474 2669 detannnaoerit
495 2626 593 2688 nepae
612 2607 820 2686 praesciverit
841 2627 947 2670 eoram
968 2615 1077 2670 erema
1097 2608 1203 2671 libera

536 2727 791 2789 Declaratic.

180 2825 442 2907 Distinguendum
453 2833 501 2890 est
522 2827 604 2888 inter
625 2847 729 2890 rerum
752 2829 849 2891 series
860 2827 1029 2909 possibiles
1041 2837 1073 2892 et
1083 2831 1231 2894 actuales.

91 2929 182 2990 Iteus
205 2947 242 2988 ex
271 2927 398 2990 infinitis
428 2929 632 3008 possibilibus
655 2930 749 3011 elegit
770 2931 883 2993 seriem
907 2931 1064 3013 quandam
1094 2931 1232 2994 universi

92 3035 292 3090 constantem
311 3048 350 3091 ex
371 3028 499 3091 infinitis
521 3029 714 3104 substantiis,
737 3050 868 3113 quarum
891 3051 1100 3114 unaquaeque
1122 3031 1232 3094 infini-

89 3123 161 3192 tam
194 3129 413 3209 operationum
445 3131 558 3193 seriem
592 3131 727 3194 exhibet.
746 3124 747 3128 ’
769 3133 889 3208 Quodsi
918 3139 1028 3195 autem·
1052 3133 1136 3194 Deus
1166 3153 1231 3195 non

89 3231 316 3313 praescivisset
337 3251 396 3294 nec
417 3232 707 3312 praeordinavisset
721 3252 826 3294 rerum
841 3233 1009 3294 actualium
1031 3233 1154 3307 seriem,
1176 3253 1232 3295 se-

91 3338 247 3415 queretur
267 3353 339 3395 eum
362 3353 458 3396 causa
479 3353 543 3396 non
566 3335 640 3395 satis
667 3333 793 3413 cognita
817 3334 993 3415 judicasse,
1020 3350 1057 3394 ac
1078 3353 1145 3394 rem
1167 3353 1231 3395 non

90 3433 172 3498 satis
193 3433 253 3494 sibi
275 3442 471 3516 perspectam
494 3435 638 3516 elegisse.
671 3435 779 3516 Neque
801 3434 1076 3515 excipiacaeteris
1099 3441 1234 3515 possunt
1348 3425 1350 3428 ¹

90 3534 236 3596 actiones
248 3535 399 3597 mentium
420 3536 549 3608 liberae,
573 3536 725 3618 quoniam
745 3542 867 3617 partem
882 3535 1092 3598 serieirerum
1104 3534 1232 3611 iaciunt,

91 3653 306 3723 magnamque
336 3656 405 3697 cum
436 3636 567 3698 caeteris
597 3637 744 3698 omnibus
766 3637 997 3699 connexionem
1025 3635 1159 3712 babent,
1189 3637 1233 3698 ita

91 3745 129 3800 ut
152 3755 250 3798 unum
270 3735 339 3798 sine
361 3736 425 3799 alio
448 3738 587 3818 perfecte
609 3738 740 3819 intelligi
762 3758 827 3799 non
850 3738 960 3820 possit.
988 3739 1116 3800 Etcum
1129 3738 1232 3801 omnis

91 3837 194 3902 series
217 3837 363 3899 ordinata
384 3839 524 3902 involvat
544 3840 686 3922 regulam
709 3840 912 3902 continuandi
943 3860 1000 3902 seu
1026 3839 1129 3922 legem
1152 3831 1233 3920 prc-

92 3937 286 4022 gressionis,
317 3938 392 4001 ideo
413 3941 509 4014 Deus,
532 3941 672 4021 qualibet
692 3947 782 4021 parta
805 3941 898 4003 seriei
919 3947 1095 4022 perspecta,
1127 3941 1232 4003 omnia

90 4037 316 4123 praecedentia
338 4047 370 4102 et
397 4042 560 4123 sequentia
586 4041 619 4101 in
648 4042 717 4120 ipsa
745 4041 840 4105 videt.
890 4044 998 4123 Neque
1026 4050 1130 4104 tamen
1158 4043 1232 4105 inde

90 4140 248 4204 mentium
270 4139 398 4204 libertas
419 4141 549 4204 tollitur.
584 4143 677 4204 Aliud
700 4143 783 4205 enim
807 4153 852 4206 est
871 4143 1025 4206 certitudo
1048 4143 1232 4217 infallibilis,

91 4240 184 4304 aliud
205 4240 351 4304 absoluta
372 4243 558 4319 necessitas,
586 4244 852 4326 quemadmodum
875 4244 904 4305 S.
928 4244 1121 4325 Augustinus
1143 4251 1174 4305 et
1194 4245 1231 4308 Ι).

91 4341 235 4406 Thomas
263 4341 379 4424 aliique
401 4343 457 4407 viri
483 4344 567 4406 docti
589 4345 707 4408 dudum
730 4363 898 4426 agnovere.
942 4344 1033 4407 Certe
1054 4344 1231 4407 futurorum
