3072 5020
346 278 398 334 111
725 267 878 328 LElBNlZ.
914 267 1096 326 nudante.

344 445 428 506 bitur
448 444 618 506 rallerione
641 444 671 504 in
694 443 819 519 multos,
842 462 878 505 ac
889 443 1026 525 proinde
1036 442 1120 503 hunc
1127 439 1270 522 juvando
1286 441 1481 523 juvabuntur

345 545 467 626 plures;
489 546 553 606 imo
575 545 607 606 iu
630 545 826 619 universum,
848 543 961 606 ceteris
982 543 1121 624 paribus,
1143 541 1402 622 praeterendum,
1427 543 1481 623 qui

341 647 407 728 jam
429 653 493 708 tum
515 645 626 708 melius
647 639 754 707 habet.
783 645 975 708 Ostendetur
997 642 1096 719 enim,
1116 643 1228 724 juvare
1250 662 1314 705 neu
1337 641 1479 704 additio-

345 748 402 823 nis,
425 747 481 810 sed
504 746 773 829 multiplicationis
794 745 951 807 rationem
972 742 1099 808 hahere.
1120 744 1188 804 Jam
1212 746 1239 806 si
1261 746 1325 806 duo
1348 742 1479 814 numeri,

346 848 427 910 alter
448 849 548 911 altero
569 849 681 930 major,
703 866 760 927 per
782 846 917 918 eundem
929 844 1182 926 multiplicentur,
1205 843 1481 926 plusaddetmul-

346 949 496 1030 tiplicatio
519 950 560 1010 ad
581 949 744 1031 maiorem.
766 950 786 1011 5
810 947 895 1008 mult.
908 966 965 1026 per
986 947 1016 1020 2,
1038 946 1098 1006 iac.
1123 947 1171 1019 10,
1189 947 1277 1009 mult.
1289 965 1347 1027 per
1369 947 1399 1018 2,
1422 944 1479 1004 fac.

345 1051 403 1127 203
426 1049 547 1114 timuit.
569 1069 626 1129 per
648 1050 677 1124 2,
701 1050 759 1110 lac.
783 1049 832 1124 12,
855 1048 942 1109 mult.
964 1067 1021 1128 per
1043 1048 1072 1121 2,
1095 1047 1226 1122 lac.2l;
1249 1053 1344 1128 patet,
1368 1065 1479 1106 acces-

346 1152 468 1213 sionem
490 1150 531 1210 ad
553 1151 572 1213 5
595 1169 664 1212 esse
689 1151 742 1229 15,
764 1151 803 1210 ad
826 1151 846 1213 6
869 1167 937 1211 esse
956 1147 1004 1212 te.
1034 1147 1106 1208 Plus
1129 1165 1205 1228 ergo
1228 1147 1260 1207 iu
1282 1164 1405 1208 summa
1426 1144 1478 1206 lu-

346 1270 469 1314 cramur
494 1249 733 1330 multiplicando
762 1269 927 1312 numerum
950 1247 1103 1330 majorem
1130 1268 1189 1329 per
1211 1247 1346 1310 eundem
1369 1246 1478 1308 multi-

345 1353 547 1434 plicatorem:
567 1369 648 1433 quae
658 1351 835 1413 differentia
844 1351 927 1413 inter
938 1349 1131 1412 additionem
1146 1355 1178 1409 et
1187 1347 1478 1428 multiplicationem

347 1473 493 1536 maguum
515 1451 608 1514 etiam
628 1451 726 1514 habet
746 1471 835 1514 usum
857 1451 889 1511 iu
912 1447 1216 1532 doctridajustitiae.
1247 1451 1477 1511 Juvareautem

263 1543 266 1558 ⁴
347 1575 416 1618 esse
438 1553 663 1635 multiplicare,
687 1560 717 1615 et
738 1571 855 1614 nocere
878 1551 1035 1627 dividere,
1058 1551 1139 1612 ratio
1162 1557 1228 1624 est,
1251 1550 1326 1633 quia
1348 1550 1404 1631 qui
1422 1550 1477 1631 ju-

347 1663 438 1719 vatur
458 1675 547 1717 mens
569 1662 630 1732 est3
653 1673 742 1716 mens
764 1661 870 1715 autem
889 1653 1001 1715 omnia
1023 1652 1171 1713 omnibus
1188 1651 1348 1732 applicare
1360 1651 1476 1712 utendo

347 1762 464 1839 potest,
495 1756 582 1838 quod
605 1761 652 1816 est
674 1755 706 1814 in
729 1775 763 1816 se
785 1754 921 1818 invicem
943 1755 1059 1816 ducere
1080 1772 1136 1814 scu
1157 1751 1377 1832 multiplicare.
1420 1752 1476 1811 Fac

347 1859 484 1940 aliquem
507 1873 576 1918 esse
587 1854 761 1936 sapientem
784 1862 818 1916 ut
838 1857 867 1930 3,
890 1862 1053 1937 petentem
1074 1861 1109 1915 ut
1130 1854 1159 1928 l,
1182 1853 1242 1915 erit
1262 1859 1330 1914 tota
1342 1853 1412 1935 ejus
1423 1871 1478 1914 ae-

346 1954 485 2019 stimatio
507 1963 543 2017 ut
566 1955 620 2024 12,
648 1974 711 2016 non
734 1964 767 2018 ut
789 1959 825 2032 73
857 1975 930 2018 nam
953 1955 1065 2038 quovis
1085 1954 1246 2035 potentiae
1268 1955 1369 2035 gradu
1391 1953 1476 2034 sapi-

347 2057 431 2121 entia
451 2055 497 2116 uti
519 2062 630 2136 potest.
672 2056 740 2117 lmo
770 2058 802 2120 in
823 2055 1051 2138 homogcneis,
1083 2055 1136 2140 qui
1159 2062 1290 2117 centena
1311 2073 1477 2117 aureorum

347 2177 509 2220 nummum
531 2155 630 2218 millia
651 2156 755 2233 habet,
779 2158 875 2220 ditior
896 2164 952 2231 est,
976 2174 1070 2239 quam
1092 2163 1166 2218 sunt
1187 2163 1322 2233 centum,
1346 2175 1476 2239 quorum

348 2259 482 2341 quisquc
512 2257 611 2319 habet
639 2259 736 2322 mille.
778 2261 857 2320 Nam
879 2257 956 2319 uuio
984 2277 1075 2319 usum
1097 2257 1190 2331 lacit;
1220 2257 1289 2338 ipse
1311 2258 1479 2320 lucrabitur

347 2359 443 2421 etiam
465 2359 673 2440 quiescendo;
703 2359 749 2420 illi
771 2360 904 2441 perdent
926 2359 1021 2420 etiam
1043 2359 1230 2422 laborando.
1261 2359 1395 2441 Semper
1406 2378 1476 2440 ergo

346 2456 574 2541 praeferendus
595 2459 628 2520 in
647 2460 790 2542 juvando
813 2467 874 2534 est,
897 2478 967 2520 cum
990 2479 1047 2539 par
1069 2460 1241 2542 indigentia
1264 2467 1324 2534 est,
1348 2460 1477 2541 sapien·
1522 2445 1523 2482 l

249 2559 252 2565 ’
346 2562 417 2636 tior,
440 2560 520 2622 etsi
542 2561 605 2622 hoc
627 2561 859 2642 pervideatur,
882 2559 1082 2631 fortunatior,
1105 2561 1195 2642 quasi
1218 2561 1267 2622 cui
1280 2562 1367 2623 Deus
1390 2562 1477 2622 save-

347 2662 396 2724 rit
428 2663 506 2725 Nam
528 2661 624 2723 etiam
645 2669 754 2743 aptum
777 2662 819 2722 ad
840 2660 1026 2741 sapientiam
1048 2662 1150 2746 nasci,
1184 2663 1347 2736 tortunae,
1379 2663 1477 2724 idest

347 2763 415 2838 Dei,
438 2783 552 2824 munus
573 2770 629 2825 est.
672 2764 753 2824 Hinc
775 2761 950 2823 dominium
972 2781 1079 2824 rerum
1100 2764 1153 2826 val
1174 2782 1193 2824 a
1215 2763 1366 2826 felicitate
1389 2763 1478 2824 iuve-

347 2863 515 2939 uieutium,
538 2865 589 2926 vel
609 2864 764 2926 industria
785 2863 1027 2926 elaborantium.
1069 2863 1171 2924 Etiam
1193 2864 1363 2945 possidens
1386 2883 1478 2945 prae-

348 2964 507 3036 ferendus,
529 2964 618 3046 quasi
643 2965 730 3045 prior
751 2965 887 3027 fortuna.
922 2963 1038 3027 Contra
1059 2965 1092 3026 iu
1115 2983 1189 3026 casu
1212 2983 1386 3028 concursus
1399 2966 1479 3026 duo·

347 3083 417 3125 rum
440 3065 482 3125 ad
503 3065 652 3126 damnum
674 3066 769 3140 idem,
792 3086 848 3128 seu
871 3066 995 3148 quoties
1018 3067 1058 3128 de
1073 3065 1248 3128 amittendo
1273 3066 1478 3146 nocendoque
1521 3051 1522 3095 t

348 3165 492 3248 quaestio
505 3172 561 3240 est,
583 3166 811 3246 praeferendus
833 3167 869 3239 is,
893 3167 1001 3250 quiin
1025 3166 1119 3248 eulpa
1140 3175 1196 3241 est,
1220 3167 1258 3240 ei,
1282 3167 1336 3249 qui
1359 3167 1477 3228 indole

349 3271 411 3341 est3
444 3273 475 3329 et
507 3266 561 3349 qui
588 3265 620 3328 in
650 3285 725 3330 casu
755 3257 826 3330 seu*
845 3267 1021 3330 infortunio
1052 3275 1115 3342 est,
1148 3268 1283 3350 utrique.
1328 3268 1415 3330 Nihil
1436 3275 1477 3330 est

348 3387 437 3448 pene,
462 3368 548 3450 quod
570 3388 608 3431 ex
629 3368 678 3430 his
701 3389 765 3429 nou
788 3370 972 3432 deducatur.
1015 3368 1118 3430 Etiam
1140 3368 1234 3429 illud:
1257 3387 1331 3430 eum
1354 3371 1476 3431 demum
1520 3443 1521 3446 Ἴ

347 3469 521 3551 principem
542 3490 616 3531 vere
637 3469 769 3530 heroem
793 3489 871 3543 esse,
894 3468 948 3550 qui
971 3469 1136 3530 materiam
1158 3468 1279 3550 gloriae
1302 3477 1434 3551 quaerat
1449 3469 1476 3530 in
1520 3449 1521 3474 l

346 3570 494 3631 felicitate
515 3570 639 3652 generis
661 3569 800 3631 humaui.
831 3571 931 3652 Hujus
954 3589 1031 3649 ergo
1048 3570 1345 3649 praedestinationis
1359 3570 1478 3632 doctri-

347 3688 420 3730 nam
442 3689 481 3731 ex
501 3671 551 3734 his
573 3672 736 3754 principiis
759 3671 846 3734 brevi
868 3670 1101 3732 schediasmate
1113 3671 1296 3750 complexus
1318 3691 1401 3747 sum,
1423 3692 1477 3732 cu-

346 3770 494 3852 ravique,
516 3779 552 3833 ut
572 3790 590 3833 a
612 3773 775 3835 nonnullis
798 3771 940 3833 omnium
961 3771 1098 3851 partium
1128 3771 1288 3852 theologis
1317 3793 1378 3852 per
1401 3773 1478 3834 Ger-

248 3852 252 3862 *
347 3871 484 3931 maniam
513 3871 687 3952 insignibus
719 3872 968 3946 examinaretur,
1002 3872 1065 3932 alio
1088 3871 1207 3934 scilicet
1228 3872 1343 3948 alium,
1374 3873 1479 3934 omni·
1519 3903 1520 3908 1

348 3973 406 4034 bus
428 3978 589 4032 auctorem
618 3973 846 4053 ignorantibus.
889 3973 1094 4054 spondetur,
1124 3973 1211 4054 quod
1234 3973 1376 4050 mireris,
1401 3994 1480 4034 cou-

347 4091 458 4135 sensus
491 4072 703 4154 undicunque.
754 4075 879 4136 Scilicet
907 4074 1063 4135 maximae
1092 4073 1164 4135 lites
1197 4075 1290 4137 certis
1323 4076 1478 4137 coustitu-

347 4173 386 4234 tis
419 4171 654 4234 delinitionibus
686 4176 914 4239 vocabulorum
947 4175 1026 4236 nulli
1059 4174 1140 4256 parti
1177 4175 1381 4256 displicituris
1416 4176 1478 4238 tol-

348 4273 463 4334 luntur.
