3072 5020
454 261 605 322 LEttttttz.
642 261 823 320 ARNAULD.
1053 303 1059 314 ,
1152 273 1200 330 141

62 446 280 528 possibilitate
302 445 466 526 proposita
488 453 591 522 erant,
622 453 718 529 utque
740 446 800 528 ipsi
821 455 895 509 tunc
916 465 981 508 uon
1003 448 1203 513 mediocriter

62 549 263 629 placuerant,
285 546 407 608 hortari
428 545 571 634 impenso
594 549 708 630 coepit,
731 567 771 610 ne
792 547 876 611 hanc
899 549 1100 612 occasionem
1122 571 1201 633 per-

62 651 175 712 derem
198 647 356 710 scribendi
378 648 451 709 tibi:
473 653 667 713 curationem
689 649 850 712 literarum
871 650 904 710 in
925 668 961 712 se
981 651 1110 731 recepit.
1131 651 1200 733 Ego

61 752 135 832 ejus
165 749 333 812 autoritate
365 755 486 823 motus,
515 755 588 812 tuae
617 757 720 812 autem
746 749 821 812 fidei
849 769 886 813 ac
911 751 1032 814 virtutis
1062 771 1201 829 securus,

61 852 134 927 has,
158 869 237 934 quas
259 851 368 926 vides,
392 851 432 912 ad
455 857 485 914 te
507 851 616 913 literas
637 850 729 913 dedi:
751 869 884 934 quarum
906 851 1117 932 prolixitatem
1130 855 1199 935 ipsa

61 973 172 1014 rerum
195 952 429 1014 tractandarum
452 960 565 1014 natura
586 952 671 1033 apud
693 959 724 1014 te
744 971 840 1032 spero
863 953 1034 1016 excusabit.
1055 930 1198 1032 Etnun‘u

62 1055 89 1116 si
112 1053 251 1134 pateris,
284 1052 324 1114 do
352 1053 527 1116 studiorum
549 1073 693 1116 meorum
713 1052 838 1116 ratione
866 1055 963 1135 paulo
984 1053 1077 1118 altius
1098 1075 1198 1120 exor-

61 1154 218 1216 diendum
240 1161 296 1215 est

146 1256 218 1337 Ego
250 1255 331 1317 inter
359 1263 406 1318 tot
427 1255 645 1320 distractiones
665 1256 717 1320 vix
746 1255 837 1318 alteri
859 1276 908 1318 me
931 1264 1116 1338 argumento
1137 1277 1199 1323 ve·

59 1355 244 1418 humentius
274 1355 455 1420 incubuisse
492 1358 630 1420 arbitror
667 1357 947 1440 quantulocunque
973 1366 1074 1422 tractu
1104 1359 1199 1442 hujus

59 1458 147 1522 vitae
167 1447 270 1532 meae,
292 1475 386 1540 qnam
409 1458 496 1538 quud
526 1477 576 1520 me
601 1477 748 1520 securum
776 1457 924 1520 redderet
951 1458 991 1520 de
1018 1459 1138 1535 futura,
1167 1467 1199 1524 et

58 1558 146 1620 hanc
167 1577 261 1620 unam
284 1558 360 1619 mihi
383 1559 482 1621 multo
503 1559 670 1621 maximam
690 1559 788 1622 inisse
810 1559 913 1621 fateor
934 1559 1028 1621 etiam
1049 1560 1198 1640 philoso-

59 1658 186 1740 phandi
208 1677 349 1737 causam;
373 1659 480 1722 tulisse
501 1680 551 1723 me
571 1678 648 1722 veru
660 1659 832 1739 praemium
845 1679 909 1722 non
923 1660 1197 1736 contemnendum,

60 1761 203 1842 quietem
226 1761 356 1831 mentis,
387 1778 424 1820 ac
451 1759 593 1841 profiteri
614 1779 726 1840 posse,
753 1761 968 1824 demonstrata
997 1780 1088 1825 ame
1110 1782 1197 1824 nun-

59 1861 169 1936 nulla‚
192 1879 275 1942 quae
295 1861 448 1923 hactenns
470 1866 523 1922 aut
544 1859 751 1923 credebantur
772 1869 912 1938 tantum,
933 1870 986 1926 aut
1007 1864 1115 1939 etiam,
1139 1865 1197 1927 etsi

58 1960 169 2042 magni
193 1961 352 2035 momenti,
373 1961 607 2042 ignorabantur.
629 1961 791 2037 Videbam,
817 1964 1021 2044 geometriam
1043 1983 1099 2026 seu
1121 1965 1198 2046 phi·-

57 2062 244 2144 lusophiam
267 2062 403 2135 deloco
425 2063 556 2143 gradum
577 2069 697 2124 struere
719 2064 759 2124 ad
780 2063 1016 2145 philosophiam
1046 2065 1087 2128 de
1109 2072 1195 2128 mutu

57 2183 116 2226 seu
141 2181 287 2244 corpure,
310 2169 341 2224 et
363 2160 599 2243 philosophiam
621 2164 661 2225 de
683 2171 770 2226 motu
792 2165 834 2226 ad
855 2164 1016 2227 scientiam
1030 2166 1196 2230 demente.

57 2266 105 2327 De
131 2271 222 2326 motu
244 2283 321 2346 ergo
343 2264 578 2326 demonstratae
599 2272 672 2328 sunt
699 2284 718 2326 a
745 2285 796 2326 me
818 2265 941 2348 aliquot
960 2267 1196 2348 propositiones

58 2364 171 2446 magni
194 2364 361 2426 momenti:
385 2385 424 2427 ex
446 2364 559 2447 quibus
581 2366 754 2429 nominabo
776 2366 935 2429 hocloco
958 2368 1052 2430 duas:
1081 2369 1194 2448 primu,

57 2466 183 2528 nullam
205 2485 275 2528 asse
296 2466 519 2528 cohaesionem
541 2487 597 2528 seu
619 2468 853 2530 consistentiam
876 2467 1080 2550 quiescentis,
1110 2490 1194 2532 cun-

57 2577 104 2628 tra
132 2586 229 2649 quam
251 2566 391 2629 Cartesio
412 2567 513 2629 visum
536 2575 597 2641 est,
630 2586 667 2630 ac
689 2569 837 2648 preinde,
869 2569 1018 2650 quicquid
1046 2572 1194 2651 quiescat,

56 2667 344 2750 quantulocunque
365 2675 453 2731 motu
475 2668 592 2749 impelli
615 2676 646 2729 et
667 2667 764 2731 dividi
785 2687 889 2748 posse.
920 2669 1021 2744 Quam
1043 2670 1195 2750 proposi-

59 2771 186 2832 tionem
207 2776 318 2849 postea
339 2769 465 2850 longius
493 2769 643 2850 produxi,
675 2775 707 2830 et
734 2769 855 2844 inveni,
885 2777 1000 2850 eorpus
1029 2771 1193 2852 quiescens

54 2870 184 2931 nullum
207 2889 296 2942 esse,
320 2890 379 2933 nec
407 2872 549 2952 aspatio
571 2888 672 2933 vacuo
700 2871 836 2932 differre.
880 2871 968 2934 Unde
991 2873 1195 2955 consequitur

55 2971 289 3034 demonstratio
322 2971 536 3053 hypotheseos
558 2971 808 3054 Cupernicanae,
838 2972 998 3056 multaque
1025 2974 1088 3035 alia
1110 2993 1194 3039 nova

53 3073 85 3133 in
120 3072 254 3133 scientia
275 3072 420 3134 naturali.
462 3073 568 3135 Altera
590 3080 645 3149 est,
669 3093 794 3136 omnem
816 3081 936 3136 mutum
958 3075 989 3135 in
1012 3075 1107 3156 pleno
1125 3095 1194 3138 esse

54 3173 247 3234 circularem
268 3172 549 3249 homocentricum,
572 3193 630 3236 nec
651 3195 746 3255 posse
768 3175 901 3256 intelligi
923 3176 955 3236 in
978 3175 1097 3237 mundo
1119 3194 1195 3237 mo-

56 3281 109 3336 tus
133 3272 325 3348 rectilineus,
348 3259 495 3356 spitales,
525 3275 687 3357 ellipticos,
710 3277 835 3352 uvales3
857 3277 921 3337 imu
948 3295 1007 3338 neu
1027 3275 1195 3338 circulares

53 3377 260 3437 diversorum
281 3383 470 3452 centrurum,
492 3377 550 3438 nisi
573 3377 712 3440 admisso
733 3396 845 3441 vacuo.
875 3376 923 3437 De
944 3377 1014 3438 aliis
1034 3375 1098 3436 hoc
1118 3376 1192 3438 lucu

54 3476 169 3537 dicere
190 3473 269 3534 nihil
288 3495 418 3540 necesse
439 3486 495 3540 est.
527 3479 592 3538 llas
614 3484 719 3539 autem
740 3478 813 3540 ideo
835 3495 986 3549 memoro,
1009 3476 1134 3558 qniaex
1155 3476 1193 3537 iis

53 3576 203 3658 sequitur
225 3575 344 3658 aliquid
366 3579 441 3639 utile
462 3578 619 3659 praesenti
642 3579 798 3642 instituto:
841 3597 880 3640 ex
900 3576 1092 3658 posteriore,
1115 3597 1192 3640 uor-

53 3677 148 3759 poris
173 3678 338 3740 essentiam
360 3697 425 3739 non
447 3678 618 3740 consistere
640 3678 672 3739 in
694 3677 885 3752 extensione,
907 3678 939 3738 id
962 3683 1010 3738 est
1030 3679 1191 3760 magnitu-

54 3780 135 3840 dine
158 3783 190 3838 et
210 3777 321 3859 figura,
344 3778 417 3861 quia
439 3779 573 3859 spatium
597 3797 729 3842 vacuum
752 3797 770 3839 a
792 3797 927 3859 corpure
949 3778 1107 3841 diversum
1122 3799 1191 3842 esse

52 3897 191 3942 necesse
213 3885 279 3952 est,
309 3900 379 3941 cum
409 3887 512 3942 tamen
534 3881 574 3942 sit
594 3887 774 3956 extensum3
818 3899 857 3940 ex
878 3879 1003 3960 priore,
1026 3881 1191 3944 essentiam

54 3979 206 4061 corporis
228 3981 332 4061 potius
355 3982 526 4044 consistere
546 3981 579 4042 in
601 3989 703 4055 motu,
736 4001 807 4042 cum
835 3981 927 4062 spatii
954 3982 1042 4043 notio
1066 3983 1192 4063 magui-

53 4081 171 4144 tudine
192 4088 225 4142 et
244 4081 360 4163 figura,
383 4081 416 4143 id
439 4090 486 4144 est
507 4081 706 4158 extensione,
728 4083 919 4144 absolvatur.
962 4083 997 4143 lu
1019 4083 1192 4164 geometria

51 4184 274 4246 demonstravi
284 4184 518 4264 propositiones
529 4185 681 4266 quasdam
694 4184 952 4257 fundamentales,
975 4184 1087 4264 quihus
1109 4202 1192 4263 geu-

52 4283 170 4344 metria
192 4283 443 4360 indivisibilium,
464 4284 498 4345 id
520 4293 567 4346 est
590 4285 660 4345 lons
683 4284 898 4346 inventionum
925 4303 962 4345 ac
987 4284 1190 4345 demonstra-

52 4386 197 4458 tionum,
221 4387 344 4462 nititur,
375 4385 520 4448 nimirum
553 4406 646 4448 omne
670 4392 818 4465 punctum
841 4405 908 4447 esse
931 4384 1066 4464 spatium
1089 4384 1189 4445 minus
