3072 5020
379 319 384 326 .
409 264 559 324 LElBNlZ.
598 263 778 324 taunuco.
1120 275 1171 334 tta

59 445 194 524 impresso
217 439 335 515 turbat,
358 440 432 502 iacit
453 440 614 502 dolorem:
636 457 781 523 quaeque
803 437 865 500 alia
887 437 983 502 multa
1004 459 1099 522 spero
1121 463 1171 506 me

59 545 324 606 demonstraturum
344 541 377 604 in
398 541 446 615 iis,
468 559 551 622 quae
567 539 692 616 molior,
715 539 928 602 elementisde
941 547 1053 604 mente.
1085 543 1171 608 Unde

59 643 184 706 nonnihil
205 642 282 706 lucis
305 641 486 724 promittere
508 641 608 704 ausim
637 640 814 703 defensioni
837 641 1057 723 mysteriorum
1076 644 1170 708 trini·-

58 746 130 818 tatis,
159 742 399 818 incarnationis,
427 741 720 824 praedestinationis
753 749 800 815 et,
832 742 956 825 deque
977 750 1171 824 postremum

59 846 178 907 dicturus
199 864 288 917 sum,
311 843 528 907 eucharistiae.
554 844 632 906 Nam
654 853 686 922 υ
706 861 773 904 rem
795 843 946 906 moralem
969 852 1001 908 et
1017 844 1096 925 juris
1118 852 1172 907 at-

59 965 109 1026 que
127 946 215 1028 aequi
235 945 441 1007 fundamenta
462 944 558 1025 paulo
589 944 703 1007 certius
726 942 901 1025 clariusque
930 945 1025 1008 solito
1048 947 1171 1010 consti-
1256 983 1265 1004 .

58 1053 131 1108 tuere
150 1046 264 1123 conari,
288 1047 389 1126 ipsum
412 1065 463 1108 me
485 1046 564 1108 vitoe
586 1065 685 1128 genus
704 1045 805 1126 jussit.
847 1046 973 1109 Praeter
998 1047 1080 1110 enim
1102 1047 1171 1110 Nu-

59 1146 143 1208 cleum
163 1146 264 1228 legum
285 1149 510 1222 Romanorum,
532 1165 614 1229 quae
636 1147 710 1226 ipsis
734 1165 840 1209 earum
861 1147 965 1210 verbis
987 1148 1124 1213 breviter
1142 1156 1172 1214 et

59 1249 180 1310 ordinate
203 1246 350 1310 exhibeat
371 1247 554 1311 relutnovo
577 1247 716 1330 quodam
744 1247 914 1328 specimine
935 1234 1030 1312 edicti
1051 1269 1171 1332 perpe-

59 1348 95 1410 tui
113 1348 194 1424 novi,
217 1347 367 1431 quicquid
390 1355 457 1410 toto
480 1367 614 1431 corpore
637 1367 710 1412 vere
731 1349 797 1423 lex,
819 1369 893 1413 rere
918 1368 1034 1414 novum
1056 1351 1171 1432 dispo-

59 1449 223 1530 sitivumque
246 1457 303 1522 est,
326 1457 358 1512 et
369 1469 453 1511 nunc
464 1467 592 1532 quoqne
614 1450 675 1512 vim
697 1450 815 1513 habere
834 1459 947 1531 potest,
970 1458 1002 1513 ot
1015 1451 1172 1515 elementa

59 1549 170 1611 Romani
187 1550 266 1632 juris
289 1549 378 1613 brevi
399 1550 505 1612 tabula
527 1569 591 1614 uno
606 1552 664 1612 sub
674 1551 784 1614 obtutu
794 1551 1093 1632 comprehendentia
1113 1573 1170 1616 re-

60 1651 133 1728 gulas
151 1670 264 1731 paucas
287 1659 319 1714 et
342 1652 451 1728 claras,
474 1647 607 1734 quarum
619 1652 853 1715 combinatione
866 1672 976 1716 omnes
987 1672 1076 1716 casus
1088 1655 1169 1718 solvi

60 1759 180 1829 possunt,
202 1771 239 1815 ac
261 1751 399 1835 denique
423 1771 522 1816 novas
545 1752 830 1816 contrabendorum
851 1773 1056 1835 processuum
1066 1756 1170 1820 ratio-

60 1869 125 1926 nes,
164 1852 276 1935 quibus
305 1854 411 1916 nescio
444 1872 484 1914 an
518 1855 639 1935 uspiam
674 1855 856 1935 propositae
892 1856 954 1920 siut
990 1857 1171 1938 expeditio-

59 1970 115 2025 res,
144 1953 351 2029 efficaciores,
380 1955 554 2019 intimiores
576 1962 671 2036 atque
692 1961 726 2018 ut
756 1955 802 2018 sic
835 1957 936 2020 dicam
963 1953 1172 2045 οἰκειότεραι5

59 2059 164 2129 praeter
192 2054 317 2131 haec‘,
350 2057 498 2140 inquam,
531 2055 687 2120 elementa
716 2057 795 2139 juris
827 2059 979 2122 naturalis
1011 2060 1100 2122 brevi
1128 2059 1172 2120 li-

60 2150 129 2215 bello
148 2157 312 2238 complecti
334 2158 456 2238 cogito,
486 2158 600 2240 quibus
622 2158 729 2220 omnia
758 2177 797 2220 cx
827 2158 903 2220 solis
934 2158 1170 2223 delinitionibus

60 2252 304 2322 demonstrentur.
351 2259 461 2321 Virum
481 2259 600 2321 bonum
623 2259 707 2339 eninr
732 2278 790 2321 seu
816 2259 934 2340 justum
967 2259 1085 2324 definio
1116 2261 1170 2344 qui

61 2363 129 2416 anat
147 2378 273 2438 omnes;
304 2378 443 2422 amorem
464 2360 659 2441 voluptatem
681 2381 720 2424 ex
731 2360 879 2424 felicitate
890 2362 1003 2437 aliena,
1025 2364 1171 2426 dolorem

61 2471 91 2514 er
108 2456 279 2525 infelicitate
300 2461 423 2540 aliena;
453 2460 634 2540 felicitatem
655 2462 849 2542 voluptatem
870 2463 938 2526 sine
953 2463 1085 2539 dolore;
1107 2483 1171 2525 vo·-

60 2552 188 2635 luptatem
208 2582 335 2626 sensum
356 2561 557 2639 harmoniae3
588 2563 733 2625 dolorem
754 2583 880 2624 sensum
902 2563 1171 2641 inconcinnitatis3

61 2673 166 2720 sensum
186 2663 410 2744 cogitationem
432 2684 502 2726 cum
523 2663 684 2726 voluntate
704 2681 762 2724 seu
784 2671 899 2725 conatu
920 2663 1056 2744 agendi3
1090 2663 1171 2726 her-

61 2758 178 2822 nouiam
199 2763 411 2828 diversitatem
432 2765 594 2828 identitate
617 2770 860 2844 compensatam.
890 2763 1002 2846 Utique
1014 2765 1098 2827 enim
1109 2766 1171 2828 de-

60 2852 136 2920 lectat
153 2881 214 2926 nos
230 2865 365 2928 varietas
387 2865 444 2928 sed
466 2866 594 2928 reducta
615 2865 648 2926 in
670 2864 829 2927 unitatem.
865 2865 946 2928 Hinc
967 2866 1073 2928 omnia
1091 2865 1171 2949 juris

61 2961 85 3015 et
102 2964 185 3043 aequi
206 2965 402 3030 theoremata
424 2967 558 3030 deduco.
587 2966 813 3030 Licitumenim
834 2965 883 3040 sit,
906 2966 1170 3050 quodvirobouo

60 3061 189 3134 possibile
210 3073 267 3130 est.
311 3067 457 3130 Debitum
478 3068 531 3142 sit,
561 3068 648 3149 quod
670 3067 738 3129 viro
770 3069 858 3129 bono
880 3068 1091 3132 necessarium
1114 3078 1171 3132 est.

60 3156 125 3222 Hinc
144 3174 282 3246 apparet,
300 3167 428 3250 justum,
451 3175 607 3232 amantem
629 3186 755 3241 omnes,
780 3174 841 3230 tam
862 3169 1040 3232 necessario
1063 3169 1171 3231 conari

58 3256 151 3336 juvare
172 3285 297 3342 omnes,
320 3270 413 3332 etiam
435 3289 506 3331 cum
528 3289 592 3331 non
615 3275 728 3350 potest,
751 3287 846 3351 quam
867 3268 946 3348 lapis
969 3269 1170 3342 descendere,

61 3360 138 3424 etiam
158 3387 226 3432 cunr
247 3371 374 3451 pendet.
403 3370 554 3446 Ostende,
577 3390 703 3432 omnem
721 3369 946 3450 obligationem
966 3389 1088 3430 summo
1111 3389 1172 3431 co-
1196 3435 1198 3440 ,

62 3469 123 3524 natu
143 3469 279 3547 absolvi3
301 3470 385 3534 idem
407 3492 476 3535 csse
497 3491 604 3534 amare
626 3490 735 3534 omnes
758 3476 788 3530 et
809 3488 915 3530 amare
931 3470 1041 3544 Deum,
1063 3471 1172 3540 sedena

61 3558 224 3633 harmoniae
246 3573 474 3651 universitatis;
504 3574 567 3635 imo
589 3573 673 3635 idem
695 3591 765 3634 esse
785 3589 860 3634 vere
882 3588 1006 3646 amare,
1035 3591 1092 3633 seu
1115 3590 1172 3634 sa-

60 3663 179 3740 pientem
207 3693 292 3749 esse,
322 3681 352 3736 et
382 3675 485 3760 Deum
507 3693 602 3756 super
630 3671 735 3735 omnia
766 3690 887 3745 amare,
912 3671 944 3732 id
977 3677 1025 3734 est
1064 3692 1173 3740 omnes

62 3780 165 3847 enare,
196 3775 228 3837 id
261 3782 308 3839 est
331 3776 450 3857 justum
482 3795 559 3838 esse.
603 3775 635 3836 Si
664 3773 770 3854 plnres
789 3772 921 3855 juvandi
953 3772 1013 3834 sibi
1036 3775 1171 3848 obstent,

61 3872 283 3941 praeterendum
305 3896 383 3950 esse,
405 3879 490 3940 unde
518 3884 670 3958 sequatur
698 3875 814 3938 bonurn
843 3875 875 3936 in
905 3893 1027 3937 summa
1056 3874 1172 3957 majusr

61 3964 122 4032 hinc
141 3975 171 4036 in
191 3998 265 4040 casu
287 3998 465 4052 concursus,
488 3977 599 4040 ceteris
621 3976 758 4058 paribus,
781 3976 962 4050 meliorem,
984 3975 1018 4038 id
1040 3983 1088 4037 est
1108 3996 1173 4056 pu-

62 4066 129 4135 blice
149 4082 361 4144 amantiorem.
403 4082 481 4141 Nam
503 4078 591 4162 quod
613 4079 644 4139 in
664 4076 749 4141 bunc
771 4078 957 4153 conferetur,
981 4076 1173 4158 multiplica-v

59 4233 326 4257 χ*

109 4331 132 4385 i)
147 4326 253 4386 Praeter
271 4332 338 4386 haec
358 4361 392 4372 —
412 4331 587 4403 displicituris
606 4330 737 4386 tolluntur
752 4341 789 4384 nar
804 4338 884 4395 Emcry
899 4351 919 4385 a.
936 4350 956 4385 a.
973 4337 999 4382 ο.
1016 4334 1038 4381 s.
1055 4329 1098 4379 tlt
1114 4333 1134 4376 u.
1151 4333 1172 4382 ir

61 4410 201 4466 innzdsischer
214 4425 374 4482 lletrersctrung
389 4425 492 4483 gegeben.
811 4419 824 4438 ‘
