3072 5020
830 263 980 324 LlllllNlZ.

524 436 604 499 Hine
614 440 738 501 videtur
750 439 917 520 probabile
927 446 948 513 ²,
973 439 1072 514 bruta,
1095 457 1177 520 quae
1190 447 1263 502 sunt
1274 439 1368 503 valde
1381 442 1472 503 nobis

459 538 604 620 analoga,
619 539 763 604 similiter
775 549 807 603 et
817 541 950 622 plautas,
963 559 1046 622 quae
1057 540 1157 623 brutis
1171 541 1201 602 in
1214 540 1320 602 multis
1332 561 1472 623 respou-

459 639 544 712 deat,
566 659 631 702 uon
653 647 771 702 tautum
795 659 949 723 corporea
969 641 1103 714 ratione,
1125 643 1345 706 verumetiam
1368 644 1471 705 anima

460 748 618 815 constare,
640 741 811 804 secundum
835 762 928 824 quam
950 745 1075 806 brutum
1098 751 1152 805 aut
1172 743 1281 824 planta
1304 745 1398 806 unica
1419 745 1469 804 in-

458 840 623 905 divisibilis
653 842 845 918 substantia,
875 863 1062 924 permanens
1092 863 1219 906 suarum
1247 845 1470 925 operationum

460 943 636 1024 subjeetum
658 943 799 1006 ducatur.
842 943 937 1018 Quod
959 946 1102 1026 quamvis
1128 946 1354 1027 imaginatione
1378 967 1469 1008 eom-

459 1044 613 1125 prehendi
635 1053 782 1127 nequeat,
804 1053 908 1108 mente
931 1053 1036 1108 tamen
1059 1047 1193 1108 maxime
1214 1046 1410 1127 intelligitur.

520 1145 710 1228 Hujusmodi
731 1153 836 1208 autem
848 1147 971 1210 animae
983 1166 1142 1229 nunquam
1165 1155 1307 1227 pereunt,
1330 1149 1469 1210 sedeam

459 1248 562 1328 perire
590 1247 752 1324 videntur,
782 1248 814 1309 in
843 1248 951 1329 aliqua
973 1248 1058 1310 mixti
1080 1249 1218 1329 corrupti
1240 1257 1331 1330 parte
1354 1251 1469 1312 incon·

458 1348 567 1429 spieua
588 1349 749 1413 involutae
770 1355 944 1413 remanent.

809 1468 990 1531 Dubium.

520 1569 581 1632 Pro
601 1571 790 1633 multitudiue
811 1569 945 1648 lapidum
966 1570 1009 1644 Α,
1032 1569 1066 1642 Β,
1089 1568 1130 1643 C,
1153 1568 1243 1632 debet
1260 1570 1352 1649 priua
1374 1571 1468 1632 intet-

458 1673 510 1752 iipi
537 1671 619 1751 lapis
638 1673 666 1733 A
686 1673 736 1735 oei
755 1673 778 1732 B
798 1673 850 1734 oet
868 1669 901 1732 C.
954 1671 996 1732 At
1022 1690 1085 1732 raon
1111 1672 1192 1733 idern
1219 1678 1266 1733 est
1294 1673 1327 1732 in
1355 1675 1467 1750 amana,

459 1792 538 1853 quae
559 1793 627 1835 aum
648 1774 717 1836 aliis
739 1775 899 1836 animabus
919 1793 981 1837 non
1002 1774 1158 1835 constitnit
1180 1792 1304 1853 corpus.
1348 1774 1392 1836 Et
1420 1777 1468 1836 oi-

458 1875 548 1938 detur
578 1876 695 1956 aliquid
725 1876 916 1954 difficultatis
949 1895 1019 1937 esse
1056 1877 1088 1936 in
1120 1875 1181 1937 baa
1218 1877 1465 1938 ratiocinatione.

457 1977 580 2043 Dantur
610 1977 643 2038 in
668 1978 812 2040 universo
840 1985 1012 2058 apprepata
1042 1977 1285 2039 urbatantiurum
1319 1997 1466 2056 corpora.

457 2078 544 2159 Erpa
564 2079 658 2140 datm
675 2079 853 2141 necessario
868 2081 992 2159 aliquid,
1016 2080 1099 2160 quod
1112 2080 1153 2140 sit
1167 2080 1260 2141 unioa
1277 2080 1468 2143 indivisibilis

457 2182 638 2246 substantia.
680 2161 803 2243 Etenim
824 2189 897 2244 tana
919 2182 1064 2262 consequi
1084 2181 1215 2260 tepitime
1235 2180 1418 2259 inferretur,
1440 2184 1466 2242 si

455 2284 534 2345 baeu
553 2284 657 2344 unitas
676 2283 843 2345 intrinsece
863 2291 1009 2364 tanquam
1020 2301 1101 2362 pars
1117 2285 1291 2363 hujusmodi
1308 2302 1465 2364 approqu-

457 2392 520 2446 tnm
542 2392 744 2463 componeret.
788 2385 868 2448 Nam
888 2385 947 2446 boo
967 2405 1059 2447 unum
1080 2385 1284 2446 substantiale
1303 2404 1366 2446 non
1388 2405 1466 2448 con-

458 2487 555 2549 stituit
576 2487 742 2548 intrinsece
763 2493 979 2567 apprepaturn,
1002 2505 1060 2548 nea
1081 2495 1129 2549 est
1146 2487 1251 2566 portia
1273 2487 1390 2567 aliqua,
1414 2489 1468 2550 sed

456 2589 577 2651 omnino
597 2590 803 2650 essentialiter
823 2588 976 2650 diuersum
996 2589 1181 2668 intettipitar.
1227 2588 1387 2663 Quomodo
1404 2591 1465 2670 ipi-

457 2699 508 2753 tar
529 2691 706 2772 requiritur,
728 2698 762 2754 ut
783 2690 932 2752 subsistat
952 2691 1011 2752 boa
1033 2692 1258 2770 apprepaturn?

770 2809 1018 2872 Declaratio.

414 2913 483 2972 Non
507 2912 579 2973 dieo
602 2930 716 2992 eorpus
738 2911 888 2992 componi
911 2931 950 2973 ex
971 2910 1145 2986 animabus,
1168 2930 1271 2994 nequo
1288 2910 1464 2974 animarum

331 3019 501 3094 aggregato
525 3031 639 3091 corpus
662 3011 826 3087 constitui,
849 3013 905 3074 sed
928 3011 1181 3074 substantiarum.
1224 3013 1337 3074 Anima
1360 3022 1465 3076 autem

329 3112 458 3197 proprie
482 3120 514 3174 et
534 3119 679 3174 accurate
706 3112 866 3193 loquendo
894 3120 1030 3175 nonest
1056 3113 1243 3188 substantia,
1275 3115 1333 3175 sed
1364 3116 1466 3177 forma

329 3214 551 3284 substantialis,
574 3235 629 3276 seu
645 3215 748 3276 torma
764 3214 920 3296 primitiva
939 3215 1109 3278 inexistens
1121 3215 1324 3286 substantiae,
1348 3217 1466 3296 primus

330 3325 426 3392 actus,
448 3316 549 3399 prima
570 3315 701 3378 facultas
724 3317 834 3379 activa.
863 3317 918 3378 Vis
930 3324 1035 3377 autem
1047 3317 1222 3398 argumenti
1245 3316 1276 3376 in
1298 3316 1362 3379 hoo
1385 3339 1466 3380 con-

329 3419 423 3493 sistit,
455 3419 542 3498 quod
564 3439 680 3500 corpus
709 3438 774 3480 non
805 3425 852 3480 est
881 3418 1068 3492 substantia,
1100 3418 1156 3480 sed
1187 3417 1380 3480 substantiae
1412 3439 1466 3481 seu

329 3519 573 3583 substantiarum
596 3526 808 3603 aggregatum.
851 3519 934 3599 Ergo
967 3525 1021 3580 aut
1053 3516 1138 3578 nulla
1160 3518 1253 3579 datur
1280 3519 1465 3594 substantia,

328 3622 475 3702 adeoque
497 3639 556 3683 nee
576 3622 779 3693 substantiae,
802 3628 853 3682 aut
876 3620 969 3682 datur
990 3619 1110 3701 aliquid
1133 3618 1324 3699 aliudquam
1339 3639 1464 3703 eorpus.

327 3721 426 3783 Porro
450 3722 509 3820 alpi
530 3721 643 3783 harum
666 3723 908 3785 substantiarum
931 3727 1133 3802 aggregatum
1156 3720 1317 3783 constituit
1339 3740 1465 3801 corpus,

328 3830 520 3884 nontamen
543 3823 736 3886 constituunt
756 3834 814 3905 pe'r
835 3824 965 3886 modum
987 3823 1101 3904 partis,
1132 3822 1206 3903 quia
1236 3813 1310 3902 pars
1341 3841 1467 3903 semper

384 4057 411 4111 2)
427 4059 466 4103 Am
482 4059 557 4103 Ranae
579 4063 645 4104 steht:
678 4050 823 4106 Probabile
844 4051 939 4122 judico
965 4053 1068 4124 plantas
1094 4059 1122 4105 et
1147 4050 1225 4104 lirula
1251 4067 1310 4102 esse
1337 4050 1464 4113 animata,

326 4159 481 4197 asseverare
506 4150 595 4196 tamen
622 4143 723 4215 aliquid
749 4143 783 4196 de
803 4141 858 4196 ullo
885 4143 1025 4213 operativa
1044 4159 1158 4212 corporo
1184 4150 1291 4211 praeter
1309 4139 1464 4204 humanum,
1524 4123 1525 4157 ³

327 4233 403 4302 nujus
423 4233 544 4286 intimam
564 4232 757 4303 experientiam
778 4233 874 4298 habeo,
894 4221 949 4287 non
969 4251 1088 4304 possum.
1125 4231 1237 4285 interim
1250 4231 1317 4284 illud
1329 4232 1464 4285 affirmare

326 4322 430 4388 audeo,
457 4324 545 4378 inesse
572 4323 637 4395 ipsis
668 4341 781 4395 corpora
810 4325 926 4379 animata
956 4326 997 4379 vel
1027 4323 1153 4378 animatis
1179 4321 1292 4391 analoga
1320 4337 1371 4376 seu
1396 4322 1464 4376 sub-

305 4415 443 4468 'stantias
1097 4435 1098 4438 ¹
