3072 5020
471 321 622 383 LElBNlZ.
661 321 843 381 ARNAUH).
1170 331 1219 386 153

84 497 298 560 turbationem
320 519 384 561 non
416 519 507 581 reges
529 501 632 563 minus
655 519 749 583 quam
771 499 862 581 plebs
882 499 993 574 luunt,
1023 499 1064 560 ad
1087 497 1220 560 mecha-

84 600 188 661 nicam
210 599 408 677 felicitatem,
430 603 470 664 ad
491 602 735 664 vindicationem
758 600 920 682 religionis
942 599 1150 682 notitiamque
1160 599 1218 662 Dei

85 708 115 762 et
137 701 251 762 mentis
272 701 435 783 aliquanto
457 702 699 783 profundiorem
720 701 878 784 proficisci
900 721 1059 764 accessum
1081 701 1191 781 possit.

167 801 342 864 Prolixitati
363 801 541 879 literarum,
562 802 749 884 pracsertim
769 803 951 884 primarum,
972 803 1125 864 irascetur
1146 802 1219 862 for-

84 909 167 964 tasse
190 910 245 964 aut
265 903 414 966 illuderet
435 899 525 968 alins.
552 906 599 966 De
623 912 661 978 te,
684 904 716 966 id
739 910 786 965 est
806 905 874 967 viro
894 903 1036 984 sapiente
1057 909 1218 964 etunum-

84 1003 238 1085 quodque
260 1005 324 1090 suis
346 1007 540 1088 ponderibus
562 1004 762 1087 modulisque
790 1003 992 1079 aestimante,
1026 1002 1111 1064 aliud
1141 1001 1218 1063 mihi

84 1122 271 1184 persuasum
292 1111 358 1168 est:
382 1108 435 1189 qui
456 1108 533 1182 scis,
557 1108 596 1169 de
617 1112 665 1168 tot
685 1106 779 1168 rebus
801 1107 833 1167 in
855 1104 919 1167 hoc
940 1104 1041 1185 spatio
1065 1103 1143 1164 nihil
1167 1102 1221 1164 ni-

85 1204 184 1265 mium
206 1205 268 1267 dici
289 1209 448 1287 potuisse,
468 1228 606 1272 ncccos
629 1227 740 1270 omnes
761 1225 861 1270 vanos
883 1225 921 1269 ac
942 1205 1127 1268 temerarios
1140 1225 1219 1278 esse,

85 1304 140 1386 qui
164 1306 263 1368 multa
284 1308 377 1370 simul
399 1309 541 1372 afferunt.
585 1308 648 1370 Sed
670 1315 775 1370 cetera
797 1308 924 1368 mittam.
953 1306 1054 1367 Unum
1077 1313 1163 1386 opto,
1186 1311 1220 1366 ut

86 1407 126 1467 dc
155 1407 364 1471 eucharistico
388 1410 499 1472 saltem
521 1409 687 1490 proposito
711 1409 832 1471 discere
864 1407 956 1470 liceat
984 1406 1107 1486 aliquot
1129 1404 1220 1466 lineis
1292 1461 1296 1472 ,

86 1508 276 1570 sententiam
298 1517 392 1572 tuam.
426 1512 504 1572 Sunt
525 1511 581 1572 tibi
604 1511 697 1572 etiam
720 1509 811 1570 amici
832 1509 1015 1581 interiores,
1039 1506 1153 1588 quibus
1176 1506 1220 1566 uti

85 1611 202 1688 possis.
245 1609 387 1673 Ceterum
409 1613 449 1673 ad
471 1612 598 1674 alterius
621 1610 806 1693 cujusquam
828 1627 937 1670 manus
959 1607 1124 1688 pervenire
1144 1606 1219 1667 lite-

85 1727 138 1771 ras
161 1728 263 1785 mcas,
296 1713 350 1774 ubi
372 1713 509 1794 suspicio
532 1713 583 1776 vel
605 1712 732 1774 minima
755 1731 824 1772 esse
845 1717 969 1791 posset,
998 1707 1097 1769 multo
1121 1706 1220 1787 magis

86 1817 193 1873 autem
216 1812 361 1887 describi,
384 1814 477 1875 etiam
500 1823 594 1896 atque
618 1815 711 1875 etiam
734 1814 897 1893 deprecor.
929 1809 1038 1891 Neque
1061 1809 1145 1869 enirn
1169 1813 1221 1867 ta-

85 1911 129 1972 lia
153 1911 214 1972 nisi
235 1913 355 1974 virtutis
375 1913 514 1995 fideique
536 1922 608 1976 tuae
629 1913 744 1974 fiducia
766 1910 954 1991 scripserim.
998 1909 1092 1984 Quod
1114 1911 1220 1981 restat,

86 2013 174 2086 vale,
203 2013 251 2075 vir
272 2014 421 2090 Illustris,
454 2016 600 2097 famaque
622 2015 691 2094 ipsa
720 2019 791 2087 tua,
822 2029 915 2094 quarn
938 2009 1072 2090 egregiis
1093 2009 1133 2072 de
1154 2027 1220 2088 pu-

85 2114 173 2175 blico
196 2115 314 2178 meritis
338 2097 446 2180 nactus
469 2137 518 2192 es,
549 2115 604 2177 diu
627 2121 784 2195 superstes
818 2114 940 2180 fruere,
974 2109 1109 2191 faveque
1132 2107 1219 2181 mihi,

88 2215 203 2277 cultori
226 2217 373 2280 virtutum
394 2225 518 2281 tuarum
541 2216 759 2289 devotissimo,
1049 2309 1073 2371 L
1104 2309 1128 2371 L

932 2311 968 2376 G.
991 2310 1027 2373 G.
1076 2357 1082 2370 .
1130 2357 1137 2371 .
