3072 5020
475 171 626 232 bElBNlZ.
663 171 843 232 ARNAULD.
1174 183 1224 242 tls

83 331 267 396 sublimium
295 329 468 412 inscripsit,
496 329 695 414 collectoque
721 329 755 392 in
777 349 875 393 unum
897 331 1038 395 omnium
1060 353 1143 414 pene
1164 357 1221 400 sa-

82 443 205 496 etarum
226 451 351 496 veneno
379 430 580 514 dialogorum
609 432 756 494 libertato
785 430 918 512 sparsit,
951 433 1014 514 legi
1043 433 1220 517 diligenter.

82 535 147 596 Sed
170 541 203 596 ot
225 533 448 614 quaeProclus
470 540 501 594 et
517 533 704 614 Simplicius,
726 533 951 613 Pomponatius
974 535 1170 599 etAverrolis
1189 548 1221 602 et

83 634 182 697 ceteri
203 633 444 697 semichristiani
474 633 642 713 objecere;
675 641 740 694 tunr
768 632 933 696 liberiores
966 633 1219 712 christianorum,

81 735 215 808 Lullius,
238 734 339 808 Valla,
360 735 433 808 Pici,
455 734 660 809 savonarola,
683 733 846 796 Wesselus
869 732 1111 815 Groniugensis,
1133 741 1220 802 Trit-

83 835 228 907 hemius,
250 835 358 912 Viros,
380 834 551 908 Steuohus,
574 834 741 908 Patricius,
763 833 944 910 Mostellus,
966 835 1149 914 Naclantus,
1179 842 1218 902 de

82 937 237 1009 Dominis,
259 936 373 999 Paulus
395 936 524 1010 Serrita,
547 933 759 1014 Campanella,
781 935 947 998 lansenius
969 955 1040 997 oum
1051 939 1125 1015 suis,
1146 941 1220 1002 Ho-

83 1058 153 1112 nor,
177 1037 285 1112 Fabri,
308 1037 493 1100 Valerianus
514 1037 566 1111 M,
588 1035 727 1098 Thomas
746 1036 914 1111 Bouartes,
936 1035 1073 1100 Thomas
1084 1039 1219 1121 Anglus;

83 1147 115 1200 et
136 1138 201 1199 alia
216 1137 503 1218 parteBibliander,
524 1136 683 1199 Jordanus
704 1137 837 1210 Brunus,
858 1135 1021 1211 Acontius,
1043 1140 1217 1214 Taurellus,

81 1239 251 1312 Arminius,
274 1239 456 1313 Herbertus,
478 1238 674 1320 Episcopius,
698 1236 833 1311 Grotius,
856 1235 1001 1311 Calixtus,
1023 1239 1147 1315 torelli,
1168 1244 1218 1305 Jo.

82 1340 208 1401 Valent.
230 1341 396 1416 Andreae,
419 1341 569 1415 Hobbes,
593 1337 817 1419 Claubergius,
851 1346 961 1400 auctor
992 1337 1218 1422 Philosophiae

80 1432 258 1538 scripturae
278 1441 468 1522 interpretis,
498 1449 608 1503 auctor
629 1441 668 1502 de
689 1440 848 1501 Libertate
870 1438 1139 1522 philosophandi,
1163 1446 1217 1527 qui

81 1545 148 1605 duo
172 1562 275 1622 nuper
295 1544 430 1605 Batavos
452 1545 626 1614 turbarunt,
649 1541 766 1623 aliique
787 1540 992 1616 innovavere,
1014 1541 1138 1604 curiose
1160 1563 1217 1606 sa·-

82 1647 122 1707 tis
144 1663 216 1706 sum
237 1652 428 1723 persecutus.
462 1643 703 1705 Socinianorum
726 1659 873 1724 quoque,
897 1640 1009 1722 quibus
1032 1661 1104 1722 cum
1126 1645 1217 1718 hene,

80 1765 179 1807 nemo
201 1743 331 1817 melius,
353 1764 423 1806 cum
445 1744 536 1818 malo,
558 1762 652 1804 nemo
674 1743 774 1825 pejus,
795 1742 1000 1804 subtilitatem
1019 1746 1216 1827 non‘relugi,

80 1847 294 1926 effectumque
316 1852 462 1925 expertus
483 1865 553 1907 sum
576 1842 769 1906 contrarium
792 1843 822 1904 ei
839 1863 932 1925 quem
949 1852 1218 1908 metuerantceu-

80 1967 184 2010 sores.
227 1945 313 2007 Nihil
335 1945 419 2008 enim
441 1965 491 2008 me
514 1944 712 2008 confirmavit
733 1943 853 2024 magis,
874 1964 967 2026 quarn
990 1947 1078 2026 quod
1100 1946 1218 2009 sormi-

80 2049 198 2111 dolosa
219 2047 275 2109 illo
298 2046 394 2128 vulgo
417 2047 546 2108 nomina
567 2046 649 2107 adeo
672 2065 722 2106 me
744 2064 810 2106 non
832 2045 1048 2122 dimovissent,
1071 2053 1105 2109 nt
1122 2049 1216 2110 etiam

79 2149 324 2232 profundiorem
346 2148 603 2228 securioremque
624 2145 830 2209 reddiderint.
873 2144 1000 2207 Scilicet

282 2249 325 2310 Et
345 2269 413 2312 cum
431 2249 503 2328 futu
523 2249 636 2324 colunt,
659 2248 731 2309 binc
751 2266 867 2309 venenu
885 2248 1006 2324 juvant.

80 2351 160 2414 Cum
182 2349 265 2412 eninr
287 2357 334 2412 tot
355 2367 543 2430 magnorum
565 2343 765 2431 ingeniorum
787 2348 937 2411 sublimia
951 2348 1098 2430 cogitata,
1120 2357 1216 2433 atque

81 2453 159 2514 inde
181 2451 289 2531 lapsus
312 2451 506 2526 conferrem
535 2469 630 2532 saepe
660 2469 783 2512 mecum
815 2449 986 2512 admiratus
1007 2471 1077 2512 sum
1098 2453 1217 2532 provi-

81 2555 223 2619 dentiam
234 2553 302 2628 Dei,
324 2554 367 2614 ita
378 2553 511 2614 alterum
534 2552 624 2614 alteri
647 2551 847 2632 opponentis,
869 2557 901 2614 rt
921 2551 1022 2613 lector
1041 2551 1217 2633 judiciosus

79 2677 121 2720 ex
140 2656 193 2717 his
214 2653 291 2735 ipsis
315 2653 473 2716 conticere
495 2653 598 2734 possit
617 2660 754 2735 systema
776 2651 978 2732 egregiorum
999 2652 1216 2714 documento-2
1320 2703 1324 2712 .

79 2777 153 2819 rum
175 2756 269 2838 plane
291 2755 531 2830 admirandum,
564 2753 591 2814 si
614 2753 659 2815 eis
681 2752 880 2836 potissimum
902 2751 981 2814 locis
1003 2751 1141 2814 animum
1164 2762 1217 2816 at-

78 2857 230 2931 tenderit,
252 2855 366 2938 quibus
387 2855 540 2918 ecclesiae
562 2854 736 2916 catholicae
759 2852 880 2916 traditis
903 2853 1097 2934 conspirant.

167 2961 276 3020 Restat
297 2964 331 3018 ut
350 2955 391 3017 de
412 2955 525 3018 ceteris
546 2955 657 3018 studiis
679 2955 757 3019 meis
779 2954 875 3036 paulo
898 2955 1165 3036 popularioribus,
1186 2961 1216 3018 ot

79 3080 99 3122 a
121 3057 266 3120 sensibus
289 3056 391 3118 minus
413 3056 556 3118 abductis
577 3057 662 3136 apud
684 3065 714 3118 te
732 3056 886 3118 nonnulla
903 3057 1066 3120 disseram.
1106 3057 1212 3119 Dele-

79 3179 157 3243 gum
175 3156 433 3240 judiciorumque
455 3157 656 3220 ordinatione
677 3164 710 3220 et
726 3157 806 3240 juris
828 3158 1215 3239 pariterexecutionisque

78 3281 140 3325 seu
162 3259 237 3322 sacti
259 3257 443 3320 certitudine
465 3259 559 3320 simul
580 3277 617 3320 ac
638 3258 792 3322 brevitate
814 3259 985 3320 obtinenda
1005 3258 1215 3339 delibavijam

30 3405 34 3412 -
78 3373 150 3427 tum
171 3359 327 3436 nonnihil,
350 3364 381 3421 et
402 3358 573 3442 aliquando
592 3359 677 3441 justa
699 3359 833 3441 epistola
849 3359 950 3420 dicam
973 3357 1107 3438 plenius,
1130 3378 1214 3420 con-

77 3464 222 3546 fidoque,
246 3460 339 3524 etiam
363 3479 548 3543 magnorum
571 3462 657 3541 apud
678 3479 737 3522 nos
759 3461 899 3522 virorum
909 3458 1030 3540 judicio
1043 3477 1080 3518 ao
1091 3459 1213 3539 plausu,

78 3567 251 3630 allaturum
281 3583 332 3624 me
365 3564 472 3645 aliqua
498 3581 562 3623 non
595 3561 727 3623 omniuo
762 3561 970 3641 aspernanda.
1013 3559 1213 3642 hypothesin

79 3665 212 3730 condidi
234 3665 413 3747 physicam,
436 3681 531 3745 quam
553 3662 649 3724 etiam
671 3662 812 3724 celebres
845 3668 877 3722 et
910 3660 1014 3740 magni
1035 3660 1094 3724 viri
1122 3663 1213 3743 Angli

77 3767 213 3851 Italique
234 3769 409 3848 probarunt
428 3783 524 3846 supra
545 3785 634 3845 spem
656 3783 768 3838 meam,
791 3770 822 3824 et
842 3770 928 3822 tanta
950 3769 997 3822 est
1019 3760 1086 3843 ejus
1107 3762 1214 3824 sacili-

77 3881 128 3932 tas
153 3868 357 3950 claritasque,
380 3874 415 3928 ut
435 3865 582 3930 videatur
603 3866 698 3928 etiam
721 3862 882 3925 nonnullis
904 3862 1024 3945 aliquid
1045 3863 1214 3946 hypothesi

79 3973 207 4036 certius.
234 3971 304 4031 Non
326 3987 455 4050 possum
478 3967 555 4050 quin
577 3985 731 4028 summam
753 3966 819 4048 ejus
840 3965 941 4028 oculis
961 3965 1023 4026 tuis
1039 3964 1214 4047 subjiciam.

77 4079 159 4136 Ante
188 4071 294 4134 omnia
322 4070 521 4132 manifestum
548 4076 614 4143 est,
643 4069 708 4130 sive
729 4067 837 4129 Tellus
867 4069 933 4130 sive
954 4066 1009 4128 Sel
1041 4073 1213 4139 moveatur,

78 4193 262 4258 quanquam
284 4172 360 4234 alibi
382 4173 614 4233 demonstrasse
636 4169 957 4232 actuvidearmotum
971 4167 1116 4242 Telluris,
1140 4166 1214 4247 quia

79 4276 168 4337 nulla
189 4275 339 4338 cohaesio
369 4293 426 4336 seu
456 4271 674 4345 consistentia,
696 4271 760 4332 imo
789 4289 847 4332 nec
875 4268 1081 4350 corporalitas
1103 4267 1215 4348 quies-

903 4369 959 4432 10·
