3072 5020
543 231 748 292 annuntia.
1158 239 1210 296 205

74 412 132 475 toti
156 411 357 491 homoganea
379 417 442 485 est,
473 409 587 474 codam
610 410 708 473 modo
732 417 766 473 ut
788 418 903 492 puncta
926 429 989 474 non
1012 417 1085 472 sunt
1105 417 1212 491 partes

74 515 239 576 linearum.
281 511 411 575 Interim
433 530 571 593 corpora
593 513 743 594 organica
772 513 1014 576 substantiarum
1043 513 1076 574 iu
1105 511 1213 594 aliqua

76 615 226 677 materiae
248 631 351 676 massa
380 611 570 676 inclusarum
592 620 665 676 sunt
690 623 796 695 partes
825 615 919 696 hujus
940 632 1071 678 massae.
1113 613 1159 676 lta
1179 612 1212 674 in
1235 678 1239 685 ,

74 717 199 799 piscina
228 714 335 776 insunt
356 715 444 776 multi
472 714 591 795 pisccs;
621 720 651 776 et
672 715 788 778 humor
810 717 961 799 cujusque
988 715 1083 796 piscis
1104 734 1212 776 rursus

77 827 125 880 est
146 815 237 900 quasi
261 815 381 897 piscina
403 815 574 900 quaedam,
606 817 637 878 iu
669 834 731 898 qua
758 818 844 880 velut
871 817 925 879 alii
953 817 1056 898 pisces
1085 824 1138 878 aut
1165 817 1213 880 sui

77 921 202 1000 generis
214 916 364 978 animalia
384 916 595 992 stabulantur3
618 925 648 980 et
662 917 706 978 ita
727 938 825 998 pomo
847 919 879 980 in
901 901 1064 980 infinitum.
1092 917 1214 999 Ubique

78 1019 174 1100 igitur
194 1019 226 1080 in
249 1017 380 1080 materia
401 1025 474 1079 sunt
495 1018 705 1093 substantiae,
728 1027 762 1080 ut
782 1019 814 1081 in
836 1019 919 1081 linea
947 1026 1072 1100 puncta.
1114 1018 1153 1080 Et
1182 1026 1216 1080 ut

78 1119 164 1180 nulla
188 1119 281 1180 datm·
301 1118 407 1198 portio
431 1118 544 1193 lineae,
574 1121 605 1181 in
629 1138 690 1201 qua
713 1139 776 1181 non
799 1121 861 1181 sint
882 1119 1002 1181 infinita
1023 1130 1149 1201 puncta,
1171 1120 1213 1183 ita

78 1220 167 1281 nulla
190 1221 282 1281 datur
304 1219 408 1300 portio
432 1219 592 1294 materiae,
614 1219 646 1282 iu
659 1239 797 1302 quanon
819 1221 881 1282 sint
902 1219 1042 1284 infinitae
1064 1225 1215 1286 substan-

80 1322 151 1382 tiae.
195 1321 257 1382 Sed
288 1320 553 1404 quemadmodum
581 1339 645 1382 nou
674 1329 823 1403 punctum
847 1330 987 1404 estpars
1009 1324 1127 1398 lineae,
1158 1326 1215 1387 sed

79 1423 173 1496 linea,
194 1423 227 1482 iu
251 1440 313 1505 qua
335 1428 382 1483 est
402 1430 561 1501 punctum,
585 1423 627 1484 ita
649 1443 777 1506 quoque
798 1425 901 1485 anima
913 1445 977 1486 non
989 1432 1036 1487 est
1055 1444 1129 1506 pars
1144 1445 1195 1488 ma

80 1525 189 1598 toriae,
211 1524 267 1586 sed
292 1543 408 1603 corpus
431 1523 481 1585 cui
503 1523 594 1584 inest.
636 1525 684 1584 An
707 1524 856 1588 verodici
877 1526 987 1606 possit,
1009 1527 1125 1589 animal
1147 1547 1216 1589 esse

80 1635 203 1706 partem
225 1625 384 1701 materiae,
407 1624 452 1685 uti
474 1625 568 1705 piscis
580 1633 711 1707 estpars
733 1625 883 1706 piscinae,
904 1633 1080 1688 armentum
1104 1628 1217 1710 gregis,

80 1725 360 1789 considerandum.
402 1725 441 1787 Et
463 1745 538 1787 vero
566 1725 592 1787 si
614 1726 732 1788 animal
754 1726 950 1808 concipiatur
970 1735 1004 1789 ut
1025 1747 1075 1790 res
1096 1727 1217 1792 habens

80 1836 198 1910 partes,
220 1828 310 1890 idest
332 1833 366 1888 ut
388 1846 503 1908 corpus
525 1827 630 1890 anima
652 1827 838 1910 praeditum,
859 1828 1025 1902 divisibile,
1048 1830 1217 1892 destructi-

79 1931 164 2006 bile;
189 1928 360 1992 concedam
383 1948 453 1991 csse
475 1935 596 2009 partem
618 1930 778 2003 materiae,
802 1949 872 1992 cum
894 1930 996 1992 omnis
1018 1948 1091 2011 pars
1113 1939 1218 1995 mate-

79 2033 150 2094 riae
172 2031 288 2092 habeat
307 2038 420 2114 partes,
443 2031 586 2093 sednon
608 2029 781 2091 concedam
802 2049 872 2091 esse
894 2031 1099 2092 substantiam
1114 2051 1218 2114 nequo

81 2151 152 2194 rem
174 2129 470 2208 indestructibilem
493 2131 578 2193 idem
601 2139 647 2192 est
668 2131 707 2192 de
730 2129 868 2192 homine.
910 2132 988 2192 Nam
1010 2131 1036 2192 si
1055 2132 1155 2194 homo
1179 2132 1219 2195 sit

83 2234 190 2313 ipsum
217 2250 311 2311 ego,
340 2250 443 2313 neque
465 2232 561 2292 dividi
585 2251 688 2312 neque
710 2231 838 2293 interire
867 2239 985 2313 potest,
1016 2251 1119 2314 neque
1146 2252 1219 2314 pars

85 2342 134 2395 est
156 2332 304 2393 materiae
326 2331 543 2413 homogenea3
565 2333 612 2394 sin
634 2332 771 2395 hominis
793 2332 1006 2414 appellatione
1027 2332 1221 2414 intelligatur

84 2436 119 2496 id
142 2434 229 2515 quod
250 2432 340 2512 perit,
362 2432 460 2494 homo
483 2434 542 2496 erit
564 2454 636 2514 pars
652 2434 817 2512 materiam
839 2433 918 2496 illud
940 2455 1016 2498 vero
1038 2435 1219 2497 indestruc-

85 2536 175 2598 tibile
205 2535 325 2596 dicetur
354 2535 502 2610 anima,
541 2555 669 2610 mens,
707 2542 800 2616 ego,
839 2536 925 2618 quod
966 2554 1038 2615 pars
1070 2535 1220 2598 materiae

84 2656 152 2698 non
175 2637 266 2698 erit³.

302 2996 353 3052 Am
374 2998 468 3056 Raude
487 3001 576 3062 nebeu
595 3001 644 3056 der
662 3001 761 3056 letztcu
780 2999 1005 3056 Declaratio.
1069 3043 1074 3057 .

174 3141 312 3222 Corpus⁴
334 3163 398 3205 non
421 3152 541 3206 estuna
558 3145 741 3220 substantia,
765 3146 821 3208 sed
831 3145 1023 3207 substantiae
1035 3165 1092 3206 scu
1104 3163 1222 3228 aggre—
1314 3205 1316 3210 .

148 3337 174 3391 3)
196 3339 249 3383 liter
270 3342 369 3386 schliesst
390 3345 429 3387 der
444 3345 517 3402 Bogen
533 3346 571 3389 mit
586 3347 634 3389 dem
650 3346 741 3390 Custos:
765 3335 890 3391 Tantum.
920 3347 961 3390 Die
975 3345 1116 3404 Fortsetzung
1130 3347 1159 3391 ist
1173 3361 1224 3393 var-

85 3423 174 3481 gentica
188 3435 230 3467 von
245 3425 286 3468 mir
300 3425 391 3481 genunt
405 3428 500 3471 worden.

149 3497 175 3551 4)
190 3499 237 3544 Aul
257 3502 325 3545 atnam
347 3487 489 3559 einpetegten¹
505 3505 617 3550 Blatteheu
639 3506 668 3550 ist
692 3508 731 3550 der
753 3507 824 3550 Imatt
844 3505 916 3550 dieses
937 3505 1041 3550 abactam
1064 3517 1088 3550 ao
1112 3507 1223 3564 gegeben:

88 3573 197 3645 Corpus
216 3592 272 3628 non
291 3584 331 3629 est
350 3577 508 3645 substantia,
527 3581 575 3634 sed
594 3588 766 3652 aggregatum
786 3581 1003 3646 substantiarum,
1029 3577 1133 3637 constal
1152 3584 1224 3637 enim

87 3685 122 3721 ex
141 3664 264 3735 pluribus
282 3666 392 3721 realiter
411 3667 559 3735 distinctis,
579 3671 804 3743 quemadmodum
814 3681 902 3725 strues
920 3671 1064 3741 lignorum,
1084 3675 1226 3744 congeries

85 3755 218 3828 lapidum,
238 3772 310 3826 grex,
330 3757 472 3822 exercitus,
491 3760 604 3831 piscina,
625 3761 724 3832 inqua
744 3761 821 3814 multi
841 3771 934 3816 natant
946 3763 1042 3833 pisces.
1078 3761 1226 3820 Etunum-

87 3845 217 3917 quodque
236 3862 333 3916 corpus
353 3855 414 3900 actu
434 3848 548 3903 divisum
568 3849 656 3904 estin
675 3849 752 3921 plura
772 3867 886 3922 corpora
906 3861 1041 3907 contenta.

162 3933 222 3988 Jam
242 3951 296 3988 non
317 3936 414 3989 dantur
433 3938 607 4004 substantiae,
636 3940 683 3993 ubi
703 3958 758 3994 non
778 3942 856 3996 datur
874 3943 1031 4014 substantia,
1059 3961 1110 3998 nec
1129 3944 1227 3998 dantur

88 4025 207 4088 numeri,
227 4025 278 4078 uisi
298 4026 353 4080 sint
372 4028 497 4094 unitates,
518 4029 610 4102 itaque
629 4025 741 4084 necesse
759 4039 801 4085 ost
819 4041 928 4102 praeter
946 4051 1061 4105 corpora
1080 4033 1138 4087 dari
1158 4034 1227 4087 sub-

87 4113 200 4169 stautias
219 4116 348 4187 quasdam
367 4133 430 4172 vera
449 4135 516 4172 unas
535 4136 584 4173 seu
603 4118 791 4186 indivisibiles,
811 4139 924 4194 quarum
944 4125 1094 4194 aggregatis
1113 4141 1226 4194 corpora

88 4204 296 4259 constituantur.

161 4289 248 4347 Error
267 4294 491 4367 philosophorum
511 4297 689 4353 materialium
709 4300 782 4353 ineo
798 4309 847 4366 cst,
867 4301 939 4372 quod
957 4302 1048 4372 agnita
1067 4302 1228 4357 necessitate

87 4382 209 4449 unitatis,
228 4381 299 4438 hanc
311 4385 487 4450 substantiam
501 4387 529 4441 in
541 4387 651 4442 materia
662 4389 830 4460 quaesivere,
849 4391 926 4461 quasi
946 4407 1045 4462 corpus
1064 4391 1149 4446 ullum
1168 4392 1227 4445 dari
