3072 5020
315 275 368 330 210
570 285 577 289 ·
690 263 842 319 LElBNlZ.
879 263 1084 320 aaronita.

316 445 486 525 coepisset,
509 440 637 522 agnovit
658 440 772 520 partim
793 440 825 500 in
847 440 932 503 Actis
954 440 1174 512 Eruditorum,
1197 437 1309 520 partim
1332 439 1363 499 in
1387 439 1456 499 suis
1525 467 1526 484 .

317 548 357 608 ad
380 565 430 608 me
452 542 559 618 literis,
581 561 677 622 posse
699 542 741 603 ita
764 540 879 622 detegi,
901 543 1036 622 adquae
1051 540 1456 604 aliasvixadmitteremur.
1525 579 1526 590 .

309 676 318 694 s
401 644 522 720 Quodsi
545 643 716 726 aliquando
731 643 921 705 Florentiam
939 661 1104 706 excurrere
1114 641 1246 716 vacabit,
1268 642 1366 704 multa
1389 661 1458 723 po-

316 750 389 812 terit
417 747 473 810 tibi
507 745 665 826 explicare
701 744 848 805 dominus
877 746 959 806 Baro
993 744 1033 805 de
1063 744 1294 806 Bodenhausen
1333 743 1455 804 amicus

318 849 437 912 domini
448 844 684 929 llagliabecchii
698 853 730 907 et
746 864 843 921 meus,
859 845 913 926 qui
935 853 965 907 et
986 847 1053 925 ipse
1074 845 1124 906 his
1145 853 1193 907 est
1214 845 1368 926 mysteriis
1390 845 1456 905 ini-

319 953 432 1026 tiatus;
462 951 564 1011 donec
594 947 767 1029 aliquando
797 946 889 1008 nobis
917 946 1029 1008 iterum
1060 946 1200 1027 colloqui
1229 947 1335 1020 detur,
1366 947 1452 1028 quod
1525 943 1526 972 ³

320 1051 538 1116 suavissimum
561 1049 686 1130 utrique
710 1048 779 1111 lore
802 1067 949 1130 auguror.

401 1153 548 1214 Fortasse
570 1171 634 1214 non
656 1151 767 1212 inutile
789 1150 857 1224 erit,
879 1158 912 1211 ut
933 1148 1078 1211 nonnihil
1096 1150 1129 1210 in
1141 1149 1337 1230 praefatione
1349 1149 1456 1229 operis

319 1255 364 1316 tui
386 1253 520 1333 attingas
543 1253 582 1314 de
604 1260 712 1314 nostra
732 1251 793 1313 hac
814 1251 934 1334 analysi
955 1250 1084 1326 infiniti,
1114 1271 1151 1313 ex
1173 1249 1283 1311 intimo
1305 1249 1458 1332 philoso-

319 1354 414 1437 phiae
437 1355 523 1416 fonte
546 1352 695 1428 derivata,
718 1371 782 1434 qua
792 1352 940 1414 mathesis
950 1353 1021 1434 ipsa
1031 1353 1112 1414 ultra
1122 1353 1274 1415 hactenus
1286 1358 1456 1413 consuetas

322 1455 481 1527 notiones,
513 1455 545 1516 id
568 1464 615 1518 est
636 1454 717 1516 ultra
738 1453 969 1535 imaginabilia,
992 1474 1062 1516 sese
1083 1453 1212 1527 attollit,
1236 1452 1350 1534 quibus
1372 1471 1457 1534 pene

320 1557 397 1620 solis
419 1556 570 1618 hactenus
593 1555 767 1637 geometria
789 1563 819 1616 et
840 1556 978 1638 analysis
1000 1557 1274 1638 immergebantur.
1315 1555 1355 1615 Et
1376 1555 1457 1614 haec
1525 1605 1526 1608 ,

322 1677 406 1722 nova
434 1657 561 1720 inventa
592 1656 813 1719 mathematica
842 1658 955 1738 partim
983 1657 1085 1720 lucem
1114 1657 1269 1738 accipient
1297 1655 1456 1717 anostris

320 1758 666 1841 philosophematihus,
688 1759 800 1838 partim
821 1779 930 1820 rursus
951 1759 1028 1839 ipsis
1050 1749 1248 1821 autoritatem
1270 1759 1401 1820 dabunt.

229 1849 230 1854 ἵ
405 1859 545 1935 Quaado
558 1859 772 1934 foecunditate
781 1857 906 1924 animae
917 1861 1074 1922 habentur
1088 1859 1119 1920 in
1135 1859 1316 1921 transmissa
1329 1857 1453 1931 scheda,

318 1963 425 2025 minus
443 1960 596 2041 intelligo.
626 1960 702 2022 Mihi
726 1961 828 2022 omnis
851 1961 1025 2023 substantia
1047 1961 1265 2043 operationum
1288 1961 1366 2021 mire
1387 1961 1456 2021 ier·
1524 2003 1526 2020 .

322 2064 385 2127 tilis
407 2064 539 2126 videtur.
577 2062 639 2124 Sed
660 2079 679 2123 a
701 2062 875 2124 substantia
899 2062 1130 2146 (praeterquam
1151 2061 1283 2140 infinita]
1304 2063 1456 2123 substan-

322 2165 407 2239 tiam,
430 2164 463 2225 id
485 2171 533 2226 est
554 2164 700 2239 monada,
728 2164 861 2244 produci
883 2183 949 2226 non
972 2164 1110 2226 arbitror
1118 2185 1127 2241 ;
1157 2165 1188 2225 in
1211 2183 1275 2245 quo
1297 2170 1376 2243 puto
1397 2183 1456 2224 nos

324 2286 389 2328 non
413 2266 621 2340 dissensuros,
645 2265 671 2326 si
687 2270 804 2353 'mutuo
825 2264 1048 2346 intelligamur.
1090 2266 1177 2329 Vale.

407 2441 440 2500 P.
463 2439 502 2500 S.
537 2438 597 2513 Qui
627 2440 771 2520 corporis
800 2441 967 2502 essentiam
1002 2441 1050 2521 in,
1072 2439 1255 2502 extensione
1284 2441 1457 2502 consistere

324 2543 431 2604 dicunt
454 2539 504 2625 (de
527 2541 640 2622 quihus
663 2541 797 2624 quaeris]
811 2547 832 2614 ²,
854 2562 920 2603 rem
943 2541 1106 2602 nonsatis
1129 2541 1296 2622 explicant.
1336 2542 1457 2604 Exten-

324 2643 533 2705 sionisnotio
557 2649 692 2703 nonest
719 2642 883 2722 primitiva,
916 2650 948 2705 ut
970 2643 1142 2706 Cartesiani
1170 2643 1230 2705 sihi
1258 2644 1457 2724 persuadent,

324 2745 381 2807 sed
411 2744 602 2825 composita,
632 2753 663 2806 et
692 2745 843 2826 supponit
874 2745 1002 2806 alterius
1030 2746 1075 2807 rei
1103 2744 1335 2826 repetitionem.
1377 2745 1458 2807 Hinc

325 2845 445 2907 nullum
468 2845 596 2927 quidem
617 2845 709 2907 datur
731 2865 873 2921 vacuum,
903 2867 968 2908 non
990 2845 1106 2908 sulficit
1128 2853 1231 2908 tamen
1254 2846 1394 2908 extensio
1416 2847 1459 2908 ad
1525 2909 1526 2922 ,

325 2963 440 3027 corpus
463 2945 712 3026 intelligendum.
735 2947 877 3028 Spatium
893 2956 924 3009 et
941 2956 1064 3028 tempus
1087 2967 1151 3010 non
1173 2955 1245 3010 sunt
1265 2948 1458 3010 substantiae
1525 2927 1526 2944 Χ

243 3127 245 3131 .
324 3049 382 3110 sed
403 3045 573 3108 relationes
594 3047 695 3108 reales
719 3046 899 3130 (praeterita
920 3047 1040 3110 scilicet
1061 3049 1092 3109 in
1114 3049 1333 3130 praesentibus
1349 3050 1458 3130 expri-
1525 3093 1526 3100 .

327 3155 462 3220 muntur,
489 3145 572 3208 unde
601 3148 695 3209 realis
717 3155 765 3210 est
786 3148 897 3211 relatio
919 3151 1131 3231 praesentium
1154 3152 1194 3212 ad
1216 3149 1307 3234 ipsa).
1349 3151 1459 3234 ltaque

326 3270 436 3327 eorum
458 3249 620 3323 sententia,
649 3250 840 3331 qui-dicunt,
860 3252 1003 3332 spatium
1033 3271 1103 3314 esse
1133 3270 1247 3337 corpus
1277 3253 1310 3313 in
1333 3261 1459 3333 genere‘

325 3350 401 3413 mihi
432 3371 496 3413 non
525 3350 682 3412 satisfacit.
733 3351 827 3425 Quid,
860 3371 990 3436 quaeso,
1024 3354 1129 3415 dicent
1149 3372 1219 3414 esse
1240 3356 1386 3434 tempus?
1418 3373 1458 3414 an
1525 3425 1526 3430 η

327 3461 446 3514 motum
469 3452 500 3513 in
524 3455 663 3532 genere?
705 3453 765 3514 Sed
789 3463 933 3516 neutrum
955 3473 1027 3516 meo
1046 3454 1168 3536 judicio
1191 3455 1250 3516 dici
1274 3455 1378 3517 debet.

384 3651 411 3704 2)
434 3654 479 3722 lter
494 3653 583 3698 Selluss
596 3657 634 3698 des
654 3656 739 3700 Brieles
753 3665 796 3698 ron
811 3653 912 3700 ttardelm
927 3645 1049 3718 (Venetia
1073 3651 1114 3706 10.
1138 3647 1250 3719 Agosto)
1270 3658 1338 3701 lautet
1351 3658 1458 3705 nitmlich:

325 3735 363 3789 La
382 3737 477 3806 priego
497 3735 637 3789 sarorirmi
656 3737 853 3791 d¹accennarmi
866 3737 885 3790 il
904 3754 953 3791 suo
972 3739 1135 3792 sentimento
1154 3740 1225 3793 circa
1245 3739 1270 3792 la
1289 3747 1386 3794 natura
1405 3744 1460 3794 cosi
1525 3737 1526 3786 l

327 3825 389 3879 dell’
410 3826 498 3880 anima
519 3845 597 3882 come
616 3827 659 3882 del
679 3845 777 3899 corpo,
801 3845 831 3882 se
859 3837 954 3900 questo
982 3829 1099 3882 consiste
1125 3828 1170 3882 nel
1198 3829 1327 3899 semplice
1353 3831 1460 3885 cnudo

326 3915 517 3980 stendimento‚
542 3935 572 3972 se
590 3918 618 3972 lo
637 3921 723 3989 spatio
743 3923 758 3973 e
777 3919 893 3974 l’istesro
913 3920 963 3974 che
981 3919 1001 3974 il
1025 3937 1118 3991 corpo,
1144 3921 1248 3975 infinito
1268 3939 1283 3975 e
1302 3938 1382 3975 senza
1400 3933 1462 3977 ter·
1525 3953 1526 3986 3

327 4007 409 4062 mine.
456 4003 491 4058 Di
509 4007 557 4078 pid
576 4007 601 4062 lu
620 4010 743 4081 supplico
764 4011 913 4064 mandarmi
932 4011 1039 4066 almeno
1059 4030 1097 4065 un
1120 4013 1213 4083 saggio
1237 4011 1308 4066 della
1326 4030 1375 4066 sua
1394 4031 1463 4067 ana·
1525 4057 1526 4082 ,

324 4097 370 4152 lisi
382 4097 464 4151 ‘accio
485 4113 528 4150 me
546 4115 580 4153 ne
599 4117 677 4170 possa
696 4101 807 4157 servire.
843 4099 883 4156 Mi
902 4102 1034 4156 comando
1054 4100 1221 4158 conliberta
1241 4122 1257 4156 o
1281 4103 1304 4156 si
1330 4107 1462 4175 persuade
1525 4103 1526 4174 ff

326 4187 377 4242 clre
396 4205 457 4242 saro
477 4198 529 4242 etc.
1525 4181 1526 4192 ¹

724 4395 1060 4410 b·—-—--————-—-——
