3072 5020
337 309 346 324 ,
443 268 594 326 LElllNlZ.
632 266 813 325 ARNAULD.
1144 271 1194 330 137

316 1626 373 1682 Der
391 1633 462 1682 erate
476 1623 556 1680 briei
570 1619 732 1678 Leibnizens
751 1620 944 1680 anilmauld1.

551 1827 699 1840 ...—

364 2032 481 2094 illustri
502 2032 577 2094 Viro
599 2031 736 2094 Antonio
757 2031 898 2092 Arnaldo

261 2150 431 2250 Golfradns
453 2146 637 2214 Guilielmus
658 2149 830 2214 Leibniiius
853 2150 883 2210 S.
905 2149 936 2210 P.
958 2147 996 2209 D.

148 2399 347 2480 Quamquam
368 2397 470 2481 ignoti
485 2397 621 2460 hominis
643 2399 682 2460 ad
705 2406 735 2461 te
749 2397 855 2461 literas
869 2416 934 2458 non
949 2397 1121 2459 admodum
1135 2401 1198 2462 mi-

58 2519 112 2562 ras
137 2517 302 2581 novasque
324 2499 380 2562 tibi
402 2499 501 2564 visum
523 2499 563 2560 iri
585 2499 720 2573 credam,
742 2505 832 2560 sueta
854 2498 975 2578 magnis
996 2498 1069 2562 viris
1093 2499 1198 2560 facili-

56 2609 127 2664 tate
140 2599 345 2663 condonandi
357 2599 506 2683 quiequid
515 2599 568 2661 bie
579 2598 708 2660 liberius
719 2605 882 2680 peeeaiu1·;
898 2597 1084 2678 exponenda
1095 2605 1199 2661 lamen

57 2699 225 2765 scribendi
247 2698 372 2762 occasio
394 2699 538 2780 ratioque
561 2705 617 2761 est.
659 2699 810 2760 Nimirum
833 2719 902 2760 eum
925 2718 1033 2778 nuper·
1047 2699 1199 2762 illustris-

59 2808 181 2865 simum
192 2802 348 2864 Baranam
358 2798 604 2880 Boineburgium
615 2820 655 2862 ex
675 2819 764 2876 more
783 2799 939 2874 adiissem,
960 2799 1063 2863 virum
1074 2801 1199 2883 egregie

58 2907 226 2985 gestarum
247 2901 373 2981 publice
394 2899 602 2982 privatimque
623 2920 728 2962 rerum
749 2901 832 2962 lama
854 2899 979 2984 inclytis
1000 2902 1200 2983 negotiisin-

57 3002 218 3065 nutritum
240 3007 272 3062 ei
291 3009 396 3064 tamen
420 3001 559 3064 castitate
582 3002 624 3063 ita
645 3001 870 3080 admirabilem,
894 3009 928 3064 ut
950 3003 1042 3065 eiiam
1064 3003 1115 3066 his
1135 3025 1200 3085 pu-

58 3105 179 3166 dorem
200 3101 339 3177 ineutiat,
362 3103 417 3184 qui
439 3109 504 3164 tota
525 3103 590 3164 vita
611 3102 691 3162 nihil
712 3102 797 3164 aliud
820 3111 965 3184 egerunt,
989 3111 1054 3166 tum
1076 3104 1198 3166 confir·
1286 3153 1290 3161 .

58 3201 230 3266 matissimi
249 3201 376 3284 judieii,
400 3223 465 3284 quo
486 3204 550 3279 ille,
572 3203 599 3265 si
622 3203 805 3285 quisquam,
827 3222 974 3284 saporem
998 3205 1199 3285 eloquentiae

58 3313 94 3368 et
115 3302 318 3366 sublimitalis
340 3310 482 3366 veterum
504 3303 537 3364 in
565 3304 774 3366 recentiorum
797 3303 940 3382 seriptis,
970 3323 1106 3386 quorum
1128 3324 1199 3365 eum

57 3423 150 3488 pene
173 3403 253 3466 nihil
273 3403 368 3484 fugit,
391 3403 579 3484 dignoscere
601 3405 697 3480 solet,
726 3402 862 3484 denique
882 3402 1045 3483 religionis
1068 3423 1104 3464 ae
1127 3405 1220 3485 pie--

57 3506 138 3570 tatis
148 3497 221 3567 'zelo
233 3504 495 3579 ardentissimum,
511 3524 570 3566 nee
580 3511 700 3566 tantum
712 3504 866 3566 malorum
877 3503 1075 3586 publicorum
1087 3524 1200 3566 emen-

61 3605 232 3670 dationem
254 3606 358 3668 otiose
380 3611 557 3686 optantem,
580 3606 636 3667 sed
659 3613 690 3668 et
711 3605 932 3690 cogitationes,
955 3604 1097 3680 consilia,
1119 3605 1201 3668 laeta

127 3865 155 3919 1)
170 3867 216 3912 lias
231 3867 328 3924 original
343 3867 414 3911 dieses
428 3868 514 3912 Brieies
537 3869 567 3912 ist
590 3864 647 3932 1801
663 3870 711 3912 dem
726 3869 844 3918 llnrsebnli
858 3869 945 3918 ttoriier
961 3869 1001 3914 ant
1019 3869 1066 3913 sein
1081 3869 1202 3928 Verlengen

1 3981 5 3990 .
60 3945 190 4002 geschenlrt
204 3944 306 3998 worden3
328 3944 436 3986 wersbaib
457 3956 481 3986 er
495 3945 542 3988 bier
558 3955 599 3988 nur
613 3947 668 3988 naeb
691 3947 750 3990 einer
765 3958 807 3990 ron
823 3945 906 3990 Gruber
921 3946 1078 3990 collationirten
1092 3946 1203 3990 Absebrift

60 4019 166 4078 gegeben
181 4019 269 4062 werden
284 4021 349 4063 kann.
374 4019 477 4063 Einzelne
491 4020 639 4065 Bruebstiielre
654 4023 778 4077 desselben,
795 4023 831 4066 (be
845 4027 911 4066 unten
926 4021 992 4066 nither
1006 4023 1132 4066 bezeichnet
1146 4023 1202 4076 sind,

62 4101 105 4142 irat
121 4097 205 4151 Emer!
220 4097 291 4140 seium
305 4097 425 4150 itepoiiiim
440 4099 465 4139 de
476 4098 499 4139 io
513 4099 604 4142 doctrine
619 4099 644 4140 do
658 4099 747 4142 Loium
761 4113 798 4142 ier
813 4101 835 4142 ia
849 4103 933 4154 religion
948 4099 1020 4150 (Puris
1035 4095 1113 4147 1818.)
1128 4097 1203 4153 griss-

61 4172 171 4218 tentbeils
191 4172 214 4214 in
229 4172 391 4227 lieberseizung
405 4172 538 4218 einverleibt.
569 4174 613 4216 bas
628 4175 705 4216 Datum
725 4175 778 4218 lassi
799 4175 844 4218 sich
867 4186 906 4220 uus
927 4177 975 4218 dem
991 4175 1020 4216 im
1035 4175 1147 4230 Elegange
1167 4185 1203 4216 er·

63 4251 172 4294 winsten
187 4247 259 4292 lirieie
278 4250 317 4293 des
332 4247 403 4292 llerrn
423 4249 451 4292 dn
466 4248 549 4293 Fresne
569 4250 621 4292 oder
640 4251 669 4292 du
683 4249 774 4294 Fraisne
788 4263 816 4294 an
830 4251 900 4294 llerm
917 4262 959 4294 von
973 4250 1102 4305 Boynebnrg
1123 4249 1203 4300 (Paris,

62 4325 106 4373 27.
123 4324 182 4369 llos.
200 4319 296 4380 1671),
313 4325 352 4367 der
372 4324 396 4367 in
411 4323 513 4368 Gruber's
529 4328 645 4369 cmmwreii
665 4329 763 4381 epistolici
776 4328 900 4373 leibnitium
912 4329 984 4384 prodr.
998 4325 1033 4379 ll,
1051 4337 1071 4378 p.
1088 4321 1147 4370 13⁷8
1161 4335 1203 4378 sqq

65 4402 209 4458 argentarii
223 4399 265 4455 ist,
282 4401 413 4457 wenigrtenr
434 4399 557 4446 anaihernd
578 4400 694 4455 snppliren.
