3072 5020
301 179 355 236 tle
681 163 832 224 LElBNlZ.
871 163 1052 222 nanneto.

303 345 409 418 centis,
430 343 534 406 lucem
556 349 661 402 tamen
684 347 772 401 motu
795 339 910 400 diurno
934 336 1016 400 circa
1037 341 1152 396 terram
1170 337 1310 394 nostram
1333 333 1443 394 circu-

303 446 379 516 lari;
408 444 510 504 lucem
532 453 635 504 autern
658 441 829 503 consistere
850 438 884 498 in
906 445 994 499 motu
1017 434 1159 516 corporis
1182 433 1344 516 curjusdam
1366 437 1442 494 altre

303 545 485 615 subtilioris,
509 543 595 624 quod
618 542 747 605 aethera
768 559 882 600 vocare
905 539 1006 600 liceat.
1037 537 1066 596 ls
1090 543 1194 597 motus
1217 534 1353 596 aetheris
1375 535 1442 594 du-

303 621 382 728 plex‘
399 653 455 706 est.
497 644 574 703 Nam
607 643 646 702 ab
677 641 930 702 incumbentibus
959 635 1054 698 radiis
1083 636 1163 697 lucis
1193 635 1354 697 aetherem
1373 642 1441 694 tum

305 749 356 829 agi
378 755 451 808 ante
474 745 594 816 lucem,
616 742 736 803 lumin
759 742 839 801 latus
863 738 1008 819 expandi.
1040 737 1121 798 Ante
1144 737 1247 798 lucem
1265 736 1442 796 oboriente

305 851 337 910 in
368 847 561 908 occidentem
585 863 642 925 per
663 852 868 926 aequatorem
891 848 922 901 et
942 839 1136 920 parallelos;
1159 838 1190 898 in
1214 837 1296 898 latus
1318 836 1358 896 ab
1379 855 1441 896 ae-

305 955 435 1031 quatore
457 963 565 1008 versus
587 943 680 1024 polos
706 963 763 1023 per
784 941 984 1002 meridianos.
1013 940 1060 999 Ex
1080 939 1144 1000 hoc
1166 937 1260 998 unico
1282 948 1345 998 tarn
1368 955 1441 996 ma-

306 1048 431 1118 nifesto,
454 1063 490 1106 ac
511 1063 593 1124 peno
617 1044 749 1104 dixerim
772 1040 950 1104 necessario
973 1044 1128 1114 assumto,
1162 1038 1268 1099 omnia
1291 1038 1356 1098 lere
1378 1056 1442 1096 ua-

308 1157 394 1210 turae
416 1146 637 1226 phaenomena
660 1145 792 1215 deduco,
817 1159 898 1223 quae
920 1141 959 1200 ad
982 1141 1042 1200 tria
1059 1139 1442 1218 summacapitarevoco:

308 1247 509 1330 gravitatem,
533 1245 698 1318 elaterem,
721 1231 927 1307 verticitatcm
950 1241 1169 1320 magneticam.
1212 1240 1298 1301 Haeo
1320 1257 1381 1319 ego
1405 1257 1443 1298 er

307 1356 395 1410 motu
416 1347 552 1409 aetheris
571 1347 700 1407 turbato
724 1353 755 1406 et
777 1363 810 1405 se
832 1341 1014 1403 restituente
1037 1341 1113 1402 oriri
1135 1341 1207 1422 ajo:
1238 1361 1276 1402 cr
1296 1340 1346 1400 his
1368 1358 1444 1399 om-

213 1483 221 1498 ν
307 1450 369 1512 nia.
399 1447 476 1508 Nam
499 1447 659 1511 circulatio
682 1445 836 1516 aetheris,
859 1443 892 1503 id
915 1449 963 1504 est
984 1449 1087 1504 motus
1110 1443 1155 1504 sic
1176 1441 1251 1502 satis
1263 1441 1353 1502 fortis
1366 1460 1441 1502 cor-

308 1551 394 1633 poris
426 1549 537 1630 liquidi
566 1549 677 1623 tenuis,
699 1562 865 1609 removere
893 1551 1024 1604 conatur
1055 1543 1255 1616 turbantem,
1285 1549 1316 1602 et
1337 1548 1443 1602 motus

309 1651 411 1713 omnis
434 1652 578 1710 turbatur
598 1650 740 1730 corporis
763 1643 923 1708 solidioris
947 1643 1171 1724 crassiorisque
1192 1643 1444 1722 interpositione.

308 1753 385 1812 Nam
408 1751 543 1811 solidum
567 1759 628 1824 est,
658 1751 745 1832 cujus
773 1753 878 1828 partes
911 1752 1079 1808 moventur
1105 1752 1194 1804 motu
1225 1743 1445 1824 conspirante;

309 1851 472 1931 liquidum,
494 1850 670 1910 solidorum
693 1866 863 1928 parvorum
886 1855 1102 1926 aggregatum.
1147 1845 1226 1905 Hinc
1249 1844 1275 1904 si
1296 1845 1446 1924 interpo-

310 1960 401 2013 natur
423 1951 558 2012 solidum
580 1949 785 2021 tenuioribus,
809 1954 870 2021 aut,
893 1948 981 2029 quod
1004 1948 1115 2009 eodem
1139 1946 1268 2014 recidit,
1289 1945 1447 2026 liquidum

310 2053 431 2125 crassis
455 2059 570 2132 guttae,
594 2049 732 2109 minores
754 2049 909 2128 siquidem
931 2055 1045 2128 partes,
1069 2066 1189 2129 eaeque
1205 2053 1319 2117 motae,
1341 2046 1447 2106 inso-

309 2154 426 2226 lidum,
457 2153 490 2212 id
512 2160 558 2213 est
579 2169 643 2210 non
673 2158 735 2210 tam
763 2149 855 2210 facile
877 2149 1032 2210 divisibile
1054 2149 1086 2209 in
1108 2154 1212 2229 partes
1236 2154 1299 2206 tam
1321 2165 1446 2226 parvas,

309 2254 495 2334 impingunt,
517 2257 622 2332 partes
645 2251 815 2311 crassiores
836 2250 868 2309 in
890 2250 993 2313 varias
1015 2233 1120 2330 partes
1143 2248 1319 2310 distrahere
1342 2265 1447 2308 cona-

309 2357 446 2428 buntur,
467 2353 620 2424 solidum,
642 2352 773 2432 proprio
797 2359 885 2412 motu
907 2352 1122 2431 conspirante,
1145 2369 1210 2432 quo
1231 2349 1320 2412 velut
1340 2347 1448 2409 forni-

311 2462 414 2518 catum
438 2463 493 2528 est,
517 2454 665 2514 obstabit.
694 2453 971 2534 'l'urbabiturergo
995 2461 1098 2514 motus
1110 2451 1220 2532 liquidi
1232 2434 1365 2521 soliduS,
1388 2469 1449 2510 ou-

308 2558 360 2639 jns
384 2577 453 2617 cum
478 2573 571 2617 causa
602 2556 708 2628 duret,
737 2555 800 2614 hoc
832 2555 904 2616 loco
936 2555 1007 2628 lux,
1037 2553 1201 2614 restituere
1225 2570 1262 2612 se
1292 2551 1448 2630 liquidum

312 2659 492 2733 conabitur,
516 2677 553 2718 ac
574 2657 709 2736 proinde
731 2655 780 2718 vel
801 2655 943 2718 dividere
966 2653 1098 2715 crassius
1121 2654 1249 2713 turbans
1272 2652 1304 2712 in
1325 2651 1449 2713 bomo·-

301 2777 442 2845 ¹geneam
464 2757 523 2818 sibi
546 2758 755 2831 subtilitatem,
778 2757 828 2818 vel
851 2756 876 2816 si
899 2775 965 2815 non
988 2754 1095 2834 possit,
1119 2773 1248 2816 movere
1271 2759 1393 2828 totum,
1418 2762 1449 2814 et

311 2858 360 2919 vel
383 2859 414 2916 in
431 2857 533 2916 alium
555 2857 680 2930 locum,
713 2857 763 2920 vel
785 2857 896 2917 saltem
918 2856 950 2915 in
974 2855 1069 2916 alium
1100 2854 1215 2929 situm,
1249 2875 1314 2936 quo
1345 2855 1451 2916 turbet

312 2958 423 3018 minus.
456 2957 502 3015 Ex
525 2965 639 3018 conatu
662 2957 821 3020 dividendi
844 2957 945 3018 oritur
966 2957 1012 3018 vis
1036 2956 1181 3032 elastica3
1203 2974 1242 3016 ex
1256 2961 1376 3016 conatu
1395 2975 1451 3017 re-

311 3056 459 3120 movendi
482 3056 513 3115 in
531 3056 651 3131 locum,
675 3058 729 3118 ubi
750 3060 855 3118 turbet
876 3057 988 3130 minus,
1011 3057 1044 3120 id
1067 3065 1113 3119 est
1138 3057 1193 3117 ubi
1217 3063 1322 3118 motus
1345 3057 1450 3117 miuus

312 3159 420 3234 fortis,
443 3175 480 3218 ac
502 3157 637 3237 proinde
660 3156 781 3218 facilius
802 3159 919 3238 patitur
941 3159 1135 3234 turbantem,
1159 3177 1215 3220 seu
1238 3177 1347 3218 versus
1372 3178 1451 3220 oeu-

311 3266 410 3334 trum,
434 3259 586 3339 gravitas3
609 3278 647 3318 ex
669 3267 783 3320 conatu
806 3259 952 3320 insitum
976 3261 1225 3320 commodiorem
1248 3259 1449 3339 disponendi,

311 3361 477 3424 verticitas.
521 3361 598 3420 Nam
621 3360 866 3440 aetherjcorpus
897 3379 1035 3421 crassum
1064 3361 1123 3422 sibi
1156 3360 1379 3440 interpositum
1401 3361 1451 3422 vel

313 3463 435 3544 disjicit,
458 3461 509 3524 vel
533 3460 648 3542 dejicit.
681 3461 811 3542 Disjicit,
836 3461 959 3542 quoties
982 3461 1136 3522 crassities
1150 3461 1217 3542 ejas
1240 3469 1449 3542 temporanea

312 3571 374 3637 ost,
397 3582 462 3624 nou
483 3563 623 3642 proprio¹
637 3568 724 3622 motu
746 3561 895 3622 intestino
920 3562 1120 3641 conspirante
1141 3562 1306 3637 fornicata,
1329 3564 1390 3624 scd
1410 3565 1449 3624 ab

313 3668 443 3726 externo
466 3662 786 3724 continentecoacta.
829 3661 910 3723 Hinc
939 3662 1048 3722 aether
1071 3682 1135 3723 non
1159 3661 1273 3743 disjicit
1294 3664 1450 3743 lapidem;

312 3771 344 3825 at
365 3761 479 3843 disjicit
508 3755 614 3824 aerem
646 3782 878 3844 compressum,
906 3782 1013 3824 arcum
1043 3770 1184 3836 tensum,
1213 3783 1284 3825 cnm
1313 3764 1450 3845 primum

312 3871 475 3926 externum
502 3863 759 3944 impedimentum
788 3871 977 3926 removetur.
1021 3863 1108 3924 Unde
1139 3865 1232 3925 etiam
1266 3865 1359 3926 nimis
1383 3866 1453 3926 diss

311 3971 408 4050 tracta
428 3963 642 4038 restituuntur,
666 3972 697 4026 et
718 3968 772 4026 adr
795 3965 973 4041 exhaustus,
997 3985 1061 4026 non
1074 3966 1115 4026 ob
1128 3966 1227 4026 solam
1241 3965 1451 4046 atmosphae-

311 4083 364 4126 rae
394 4064 578 4144 gravitatem
605 4070 692 4125 tanta
724 4066 755 4127 vi
782 4066 814 4126 in
843 4067 997 4147 recipiens
1032 4065 1311 4146 Magdehurgicum
1341 4085 1448 4128 rursus

310 4165 462 4246 irrumpit,
486 4165 744 4246 quiadistractio
766 4167 857 4229 unius
881 4175 927 4228 est
949 4169 1144 4247 compressio
1160 4167 1297 4229 alterius.
1329 4168 1447 4229 Sivcro
1533 4193 1534 4236 3

310 4267 453 4347 disjicere
476 4265 613 4328 solidum
636 4284 771 4328 crassum
796 4269 925 4331 turbans
948 4287 1011 4330 non
1042 4275 1162 4348 potest,
1194 4268 1302 4349 dejicit
1332 4268 1364 4328 in
1395 4269 1448 4328 lo-
