3072 5020
303 351 356 410 ¹5⁰
692 343 843 404 LlllBNlZ.
879 343 1060 400 ARNAULD.

302 521 389 584 litate
410 539 467 584 sen
499 518 681 582 abundante
703 538 741 582 ac
762 518 930 582 deficiente
952 517 1128 581 commixtis
1150 525 1180 580 et
1201 517 1234 578 iu
1256 516 1438 598 aequalita-
1520 497 1521 504 ἵ

303 629 367 684 tem
388 640 423 684 se
443 621 607 686 restituere
628 621 824 697 conantibus,
847 620 946 683 altaro
968 639 1002 682 se
1023 625 1226 692 exonerante,
1248 617 1351 678 altero
1365 637 1440 678 sor-

303 723 407 798 bente,
429 722 506 784 oriri
528 720 592 804 ajo.
635 721 671 784 tn
691 720 755 784 hoo
776 741 847 784 esse
868 722 1021 795 arbitror,
1044 720 1131 801 quod
1151 727 1275 782 veteres
1304 717 1439 801 chymici
1521 780 1522 814 ,

304 822 421 898 dixere,
444 843 484 886 cx
504 823 639 898 duobus,
662 821 804 884 masculo
827 829 858 883 et
878 821 1028 896 foemina,
1050 821 1101 884 vel
1123 820 1277 902 sulphure
1298 826 1330 881 et
1351 839 1440 880 mer·
1521 819 1522 860 l

304 922 415 998 curio,
437 924 621 1004 imperfecto
644 930 676 986 et
697 923 1030 1006 plusquamperfecto,
1053 928 1085 984 et
1106 929 1139 984 ut
1158 921 1353 986 recentiores
1375 939 1439 983 vo-

304 1032 392 1100 cant,
424 1024 518 1087 acido
539 1032 570 1087 et
591 1024 684 1088 alcali
707 1024 830 1099 mixtis,
852 1042 964 1086 omnes
984 1030 1115 1085 naturae
1136 1023 1327 1084 mutationes
1350 1021 1441 1082 deri-

306 1125 381 1186 vari.
424 1126 525 1186 Nemo
559 1124 774 1209 chymicorum
796 1124 949 1188 hacteuus
976 1129 1157 1186 constantes
1185 1141 1315 1185 suorum
1338 1140 1440 1184 voca-

303 1225 461 1298 bulorum,
483 1225 567 1301 salis,
590 1225 761 1307 sulphuris,
784 1225 939 1300 mercurii,
962 1223 1055 1301 acidi,
1077 1224 1184 1296 amari,
1207 1223 1334 1297 austeri,
1349 1223 1441 1295 aceti,

304 1325 425 1402 nitrosi,
447 1326 606 1402 vitriolati,
627 1326 691 1403 lixi,
714 1327 861 1402 volatilis,
881 1326 994 1400 oleosi,
1016 1325 1162 1402 lixiviosi,
1176 1323 1350 1398 aromatici,
1363 1343 1441 1387 cor-

304 1427 401 1508 poris,
423 1428 556 1502 animae,
578 1429 714 1510 spiritus,
738 1435 850 1501 terrae,
873 1427 963 1509 ignis,
986 1445 1097 1509 aquae,
1118 1425 1318 1508 phlegmatis,
1341 1434 1373 1489 et
1395 1434 1442 1489 tot

305 1528 438 1590 aliorum
461 1529 624 1591 nominum
646 1529 752 1602 dedit,
775 1547 857 1611 quae
879 1547 963 1590 nunc
981 1527 1189 1608 expertissimi
1209 1527 1285 1604 viri,
1307 1527 1439 1610 Sylvius,

304 1629 460 1692 Willisius
488 1630 621 1712 aliique,
653 1629 854 1711 Hippocratis
886 1629 985 1709 ipsius
1011 1627 1157 1710 exemplo
1188 1628 1220 1690 in
1253 1628 1441 1690 methodum
1523 1642 1524 1716 t

305 1731 452 1794 medendi
481 1733 525 1794 ita
557 1749 672 1812 magno
704 1750 851 1793 successu
884 1730 1106 1803 introducunt,
1139 1735 1173 1791 ut
1198 1731 1239 1790 ab
1269 1728 1321 1792 his
1343 1729 1442 1792 clavis

305 1831 481 1894 medicinae
502 1833 643 1913 pendere
663 1831 818 1894 videatur.
855 1831 965 1894 Ausim
986 1838 1090 1894 tamen
1113 1831 1233 1906 dicere,
1262 1829 1316 1892 vix
1342 1851 1441 1892 unum

305 1951 416 1994 corum
437 1933 471 1994 in
493 1932 543 1996 his
564 1931 758 2014 explicandis
778 1950 884 1994 secum
916 1932 987 2012 ipso
1020 1932 1206 1994 consentire.
1249 1930 1339 1992 Unde
1362 1930 1442 1992 nihil

305 2051 389 2113 pene
408 2033 560 2097 hactenus
582 2041 828 2116 superstructum
849 2031 942 2095 solidi
964 2040 1012 2094 tot
1031 2032 1202 2114 praeclaris
1219 2032 1444 2113 experimentis

306 2134 455 2217 chymieis
484 2144 542 2202 ost.
573 2135 643 2217 Ego
663 2154 740 2198 vero
762 2135 874 2197 videor
884 2133 1040 2214 reperisse
1061 2134 1213 2216 quasdam
1236 2153 1274 2196 ae
1295 2154 1379 2215 pene
1391 2136 1444 2198 di-
1524 2195 1525 2208 ,

305 2235 405 2297 xerim
418 2237 610 2298 necessarias
623 2237 781 2312 notiones,
793 2254 876 2319 quae
887 2234 1101 2296 mechanicam
1112 2234 1273 2318 physicae,
1285 2235 1442 2311 rationem

306 2336 519 2416 experientiae
550 2344 762 2413 connectant,
793 2356 874 2419 quae
906 2337 946 2398 ab
979 2335 1145 2398 abstractis
1182 2341 1299 2398 motus.
1320 2336 1444 2418 legibus

307 2437 471 2499 transitum
493 2437 534 2498 ad
556 2444 705 2501 concreta
717 2458 886 2520 corporum
898 2437 1118 2518 phaenomena
1140 2436 1272 2512 faciant,
1295 2456 1396 2520 quae,
1418 2439 1444 2500 si
1525 2504 1526 2518 ζ

306 2539 593 2620 experimentorum
616 2539 708 2620 eopia
730 2548 762 2602 et
777 2539 934 2602 ordinatio
947 2538 1085 2610 accedat,
1104 2537 1260 2600 sufficiant
1275 2539 1445 2620 explioau-
1525 2607 1526 2612 γ

306 2641 354 2702 dis
377 2641 523 2703 omnihus
543 2641 745 2704 varietatibus
766 2650 896 2705 naturae
918 2659 1033 2703 rerum.
1055 2639 1127 2700 lloc
1147 2640 1231 2700 enim
1253 2640 1353 2702 semel
1375 2660 1442 2721 po-

306 2741 368 2803 sito
390 2760 428 2804 ao
449 2761 551 2822 prope
573 2737 807 2818 demonstrato,
840 2750 924 2805 corte
946 2740 1140 2822 experientia
1161 2740 1244 2803 aleris
1266 2741 1443 2821 compressi

306 2850 338 2904 ct
360 2841 502 2904 exhausti
526 2841 734 2917 confirmato,
763 2844 960 2907 reaotionum
983 2859 1110 2905 causam
1132 2859 1202 2904 esse
1223 2841 1444 2924 inaequalita-

306 2947 380 3016 tem,
403 2960 459 3002 sea
480 2942 611 3004 nimium
633 2951 663 3004 et
684 2962 796 3024 parum
817 2944 928 3027 liquidi
951 2945 1025 3020 dati,
1048 2958 1167 3024 aquae,
1189 2942 1281 3020 airis,
1303 2942 1443 3005 aetheris

306 3044 338 3104 in
362 3059 435 3104 vase
457 3043 531 3104 dato
564 3040 677 3124 (neque
707 3045 791 3108 enim
818 3065 919 3110 vacuo
941 3045 992 3107 hic
1014 3051 1104 3121 ntor,
1131 3063 1203 3106 cum
1223 3042 1361 3106 sufficiat
1380 3065 1444 3125 pro

306 3144 405 3206 nimio
427 3143 579 3206 tenuioris
600 3163 711 3225 parum
734 3148 907 3221 crassioris,
930 3153 962 3208 et
982 3154 1112 3223 contra3
1143 3152 1239 3208 tenue
1260 3151 1366 3207 autem
1390 3153 1447 3207 aut

306 3265 465 3321 crassum,
492 3265 549 3308 scu
571 3263 677 3307 rarum
699 3252 731 3308 et
752 3248 903 3323 densum,
931 3267 996 3311 non
1018 3265 1121 3311 vaano
1148 3246 1357 3328 intersparso,
1386 3247 1445 3308 sed

307 3355 395 3423 motu
416 3346 553 3428 partium
575 3347 712 3411 differre.
741 3348 911 3412 Cumanim
933 3349 1087 3430 liquidum
1110 3345 1159 3420 sit,
1182 3347 1270 3428 quod
1291 3346 1392 3409 habet
1413 3348 1445 3407 in

306 3471 341 3513 se
362 3455 482 3512 motam
505 3449 644 3525 varium3
667 3449 805 3512 solidum
826 3469 913 3524 vero,
936 3450 1021 3532 quod
1040 3450 1290 3531 conspirantemt
1313 3467 1447 3510 neccsse

307 3558 363 3627 est,
386 3551 539 3634 liquidum
561 3568 632 3614 esse
653 3551 824 3612 multorum
846 3550 1022 3613 solidorum
1044 3551 1130 3616 varie
1152 3558 1447 3630 motorumuggre-

307 3659 422 3733 gatum,
444 3669 527 3733 qnae
547 3651 650 3714 solida
671 3651 831 3732 sigillatim
853 3658 965 3723 sumta,
987 3660 1106 3733 quanto
1118 3653 1239 3734 majora
1261 3657 1343 3723 sunt,
1367 3651 1445 3731 glo-

306 3754 430 3832 bosque
451 3759 505 3814 aut
527 3771 622 3834 gyros
644 3753 814 3833 ampliores
837 3751 1040 3825 constituunt,
1062 3758 1150 3814 tanto
1163 3769 1279 3832 corpus
1290 3757 1339 3812 est
1351 3769 1446 3812 cras-

307 3854 380 3935 sius‚
392 3873 448 3914 seu
460 3852 620 3915 difficilius
631 3855 789 3918 subdividi
810 3854 944 3939 potest):
964 3846 1031 3936 jam
1043 3851 1240 3914 manifestum
1252 3858 1309 3925 est,
1332 3871 1447 3914 omnes

305 3955 471 4017 varietates
494 3960 549 4014 aut
568 3956 652 4016 vasis
674 3957 865 4018 continentis
897 3961 951 4017 aut
973 3953 1085 4036 liquidi
1110 3952 1250 4015 contenti
1272 3959 1356 4014 stata
1378 3954 1445 4014 ah-

307 4055 399 4118 solvi.
429 4053 493 4116 Vas
516 4055 599 4116 enim
620 4056 707 4118 varie
726 4056 905 4138 figuratum,
927 4074 1076 4136 magnum
1098 4062 1151 4114 aut
1166 4071 1320 4135 parvum,
1343 4071 1446 4134 capax

307 4163 360 4218 aut
382 4162 558 4237 angustum,
581 4155 680 4218 latera
701 4158 809 4220 tenuia
831 4161 884 4219 aut
905 4173 1010 4219 crassa
1034 4173 1122 4231 esse;
1151 4153 1307 4236 liquidum
1337 4162 1444 4216 antem

306 4251 400 4320 tenue
424 4264 478 4320 aut
499 4275 655 4334 crassum,
688 4257 818 4319 multum
840 4263 893 4319 aut
915 4275 1060 4338 paucum.
1104 4254 1216 4317 Clausa
1237 4261 1344 4316 autem
1367 4273 1445 4318 vasa

307 4365 388 4431 sunt,
410 4357 481 4439 ipso
503 4357 590 4420 fluxu
602 4358 812 4439 conspirante,
834 4357 1046 4431 fermentatio,
1061 4353 1290 4437 praecipitatio,
1314 4355 1445 4428 solutio,

307 4459 440 4532 reaotio,
463 4460 537 4521 dum
560 4460 768 4543 homogcneis
790 4459 950 4522 intersunt.
982 4458 1091 4520 Omnis
1113 4459 1197 4520 enim
1217 4457 1319 4524 nuxis
1341 4456 1446 4519 hulli-
