<?xml version="1.0" encoding="UTF-8"?>
<!DOCTYPE html PUBLIC "-//W3C//DTD XHTML 1.0 Transitional//EN"
    "http://www.w3.org/TR/xhtml1/DTD/xhtml1-transitional.dtd">
<html xmlns="http://www.w3.org/1999/xhtml" xml:lang="en" lang="en">
 <head>
  <title>
</title>
<meta http-equiv="Content-Type" content="text/html;charset=utf-8" />
  <meta name='ocr-system' content='tesseract 3.04.00' />
  <meta name='ocr-capabilities' content='ocr_page ocr_carea ocr_par ocr_line ocrx_word'/>
</head>
<body>
  <div class='ocr_page' id='page_1' title='image "./briefwechselzwi00grotgoog_0222.png"; bbox 0 0 3072 5020; ppageno 0'>
   <div class='ocr_carea' id='block_1_1' title="bbox 554 250 1223 309">
    <p class='ocr_par' dir='ltr' id='par_1_1' title="bbox 554 250 1223 309">
     <span class='ocr_line' id='line_1_1' title="bbox 554 250 1223 309; baseline 0.003 -2"><span class='ocrx_word' id='word_1_1' title='bbox 554 250 756 307; x_wconf 72' lang='lat' dir='ltr'><strong>nannents.</strong></span> <span class='ocrx_word' id='word_1_2' title='bbox 1170 253 1223 309; x_wconf 87' lang='lat'><strong>203</strong></span> 
     </span>
    </p>
   </div>
   <div class='ocr_carea' id='block_1_2' title="bbox 142 425 1224 4447">
    <p class='ocr_par' dir='ltr' id='par_1_2' title="bbox 212 425 1224 1196">
     <span class='ocr_line' id='line_1_2' title="bbox 276 425 1224 508; baseline -0.002 -22"><span class='ocrx_word' id='word_1_3' title='bbox 276 428 360 508; x_wconf 86' lang='lat' dir='ltr'><strong>Ergo</strong></span> <span class='ocrx_word' id='word_1_4' title='bbox 390 433 516 508; x_wconf 88' lang='lat' dir='ltr'><strong>praeter</strong></span> <span class='ocrx_word' id='word_1_5' title='bbox 545 445 660 506; x_wconf 90' lang='lat' dir='ltr'><strong>corpus</strong></span> <span class='ocrx_word' id='word_1_6' title='bbox 690 431 743 486; x_wconf 90' lang='lat' dir='ltr'><strong>aut</strong></span> <span class='ocrx_word' id='word_1_7' title='bbox 771 441 906 504; x_wconf 88' lang='lat' dir='ltr'><strong>corpora</strong></span> <span class='ocrx_word' id='word_1_8' title='bbox 937 441 1065 484; x_wconf 90' lang='lat' dir='ltr'><strong>necesse</strong></span> <span class='ocrx_word' id='word_1_9' title='bbox 1088 431 1135 485; x_wconf 92' lang='lat' dir='ltr'><strong>est</strong></span> <span class='ocrx_word' id='word_1_10' title='bbox 1157 425 1224 484; x_wconf 85' lang='lat' dir='ltr'><strong>dari</strong></span> 
     </span>
     <span class='ocr_line' id='line_1_3' title="bbox 214 522 1224 609; baseline -0.003 -21"><span class='ocrx_word' id='word_1_11' title='bbox 214 529 413 600; x_wconf 81' lang='lat' dir='ltr'><strong>substantias,</strong></span> <span class='ocrx_word' id='word_1_12' title='bbox 436 528 549 609; x_wconf 90' lang='lat' dir='ltr'><strong>quibus</strong></span> <span class='ocrx_word' id='word_1_13' title='bbox 563 545 636 590; x_wconf 89' lang='lat' dir='ltr'><strong>vera</strong></span> <span class='ocrx_word' id='word_1_14' title='bbox 649 533 808 606; x_wconf 79' lang='lat' dir='ltr'><strong>competat</strong></span> <span class='ocrx_word' id='word_1_15' title='bbox 819 522 932 597; x_wconf 87' lang='lat' dir='ltr'><strong>unitas,</strong></span> <span class='ocrx_word' id='word_1_16' title='bbox 946 523 1059 585; x_wconf 83' lang='lat' dir='ltr'><strong>etenim</strong></span> <span class='ocrx_word' id='word_1_17' title='bbox 1072 524 1097 584; x_wconf 91' lang='lat' dir='ltr'><strong>si</strong></span> <span class='ocrx_word' id='word_1_18' title='bbox 1110 525 1224 585; x_wconf 89' lang='lat' dir='ltr'><strong>dantur</strong></span> 
     </span>
     <span class='ocr_line' id='line_1_4' title="bbox 213 625 1223 709; baseline -0.001 -21"><span class='ocrx_word' id='word_1_19' title='bbox 213 629 319 709; x_wconf 87' lang='lat' dir='ltr'><strong>plures</strong></span> <span class='ocrx_word' id='word_1_20' title='bbox 341 629 544 703; x_wconf 88' lang='lat' dir='ltr'><strong>substantiae,</strong></span> <span class='ocrx_word' id='word_1_21' title='bbox 568 645 697 690; x_wconf 88' lang='lat' dir='ltr'><strong>necesse</strong></span> <span class='ocrx_word' id='word_1_22' title='bbox 710 635 765 699; x_wconf 89' lang='lat' dir='ltr'><strong>est,</strong></span> <span class='ocrx_word' id='word_1_23' title='bbox 789 625 874 707; x_wconf 91' lang='lat' dir='ltr'><strong>quod</strong></span> <span class='ocrx_word' id='word_1_24' title='bbox 887 641 948 685; x_wconf 88' lang='lat' dir='ltr'><strong>una</strong></span> <span class='ocrx_word' id='word_1_25' title='bbox 959 643 1034 685; x_wconf 89' lang='lat' dir='ltr'><strong>vere</strong></span> <span class='ocrx_word' id='word_1_26' title='bbox 1049 626 1223 688; x_wconf 91' lang='lat' dir='ltr'><strong>substantia</strong></span> 
     </span>
     <span class='ocr_line' id='line_1_5' title="bbox 215 725 1222 811; baseline -0.001 -21"><span class='ocrx_word' id='word_1_27' title='bbox 215 729 315 791; x_wconf 90' lang='lat' dir='ltr'><strong>detur.</strong></span> <span class='ocrx_word' id='word_1_28' title='bbox 348 729 505 811; x_wconf 90' lang='lat' dir='ltr'><strong>Velquod</strong></span> <span class='ocrx_word' id='word_1_29' title='bbox 527 730 611 791; x_wconf 89' lang='lat' dir='ltr'><strong>idem</strong></span> <span class='ocrx_word' id='word_1_30' title='bbox 628 736 683 802; x_wconf 87' lang='lat' dir='ltr'><strong>est,</strong></span> <span class='ocrx_word' id='word_1_31' title='bbox 707 729 733 789; x_wconf 87' lang='lat' dir='ltr'><strong>si</strong></span> <span class='ocrx_word' id='word_1_32' title='bbox 754 729 846 808; x_wconf 90' lang='lat' dir='ltr'><strong>plura</strong></span> <span class='ocrx_word' id='word_1_33' title='bbox 868 725 950 787; x_wconf 90' lang='lat' dir='ltr'><strong>entia</strong></span> <span class='ocrx_word' id='word_1_34' title='bbox 972 733 1076 786; x_wconf 87' lang='lat' dir='ltr'><strong>creata</strong></span> <span class='ocrx_word' id='word_1_35' title='bbox 1099 727 1222 800; x_wconf 90' lang='lat' dir='ltr'><strong>dantur,</strong></span> 
     </span>
     <span class='ocr_line' id='line_1_6' title="bbox 213 829 1222 913; baseline 0.001 -24"><span class='ocrx_word' id='word_1_36' title='bbox 213 837 411 906; x_wconf 89' lang='lat' dir='ltr'><strong>necesseest,</strong></span> <span class='ocrx_word' id='word_1_37' title='bbox 436 830 522 913; x_wconf 92' lang='lat' dir='ltr'><strong>quod</strong></span> <span class='ocrx_word' id='word_1_38' title='bbox 534 830 626 891; x_wconf 89' lang='lat' dir='ltr'><strong>detur</strong></span> <span class='ocrx_word' id='word_1_39' title='bbox 637 829 767 911; x_wconf 92' lang='lat' dir='ltr'><strong>aliquod</strong></span> <span class='ocrx_word' id='word_1_40' title='bbox 780 845 836 888; x_wconf 91' lang='lat' dir='ltr'><strong>ens</strong></span> <span class='ocrx_word' id='word_1_41' title='bbox 859 833 997 888; x_wconf 88' lang='lat' dir='ltr'><strong>creatum</strong></span> <span class='ocrx_word' id='word_1_42' title='bbox 1020 847 1094 889; x_wconf 88' lang='lat' dir='ltr'><strong>vero</strong></span> <span class='ocrx_word' id='word_1_43' title='bbox 1116 848 1222 891; x_wconf 88' lang='lat' dir='ltr'><strong>unum.</strong></span> 
     </span>
     <span class='ocr_line' id='line_1_7' title="bbox 213 928 1221 1014; baseline -0.001 -22"><span class='ocrx_word' id='word_1_44' title='bbox 213 933 326 1014; x_wconf 78' lang='lat' dir='ltr'><strong>Nequit</strong></span> <span class='ocrx_word' id='word_1_45' title='bbox 347 933 430 994; x_wconf 88' lang='lat' dir='ltr'><strong>enim</strong></span> <span class='ocrx_word' id='word_1_46' title='bbox 453 931 586 1011; x_wconf 80' lang='lat' dir='ltr'><strong>intelligi</strong></span> <span class='ocrx_word' id='word_1_47' title='bbox 606 938 659 991; x_wconf 89' lang='lat' dir='ltr'><strong>aut</strong></span> <span class='ocrx_word' id='word_1_48' title='bbox 669 930 839 991; x_wconf 89' lang='lat' dir='ltr'><strong>subsistere</strong></span> <span class='ocrx_word' id='word_1_49' title='bbox 852 928 930 989; x_wconf 88' lang='lat' dir='ltr'><strong>entis</strong></span> <span class='ocrx_word' id='word_1_50' title='bbox 953 929 1124 1008; x_wconf 82' lang='lat' dir='ltr'><strong>pluralitas,</strong></span> <span class='ocrx_word' id='word_1_51' title='bbox 1148 931 1221 1010; x_wconf 90' lang='lat' dir='ltr'><strong>quin</strong></span> 
     </span>
     <span class='ocr_line' id='line_1_8' title="bbox 212 1028 1223 1113; baseline 0 -21"><span class='ocrx_word' id='word_1_52' title='bbox 212 1033 315 1113; x_wconf 92' lang='lat' dir='ltr'><strong>primo</strong></span> <span class='ocrx_word' id='word_1_53' title='bbox 334 1033 528 1113; x_wconf 83' lang='lat' dir='ltr'><strong>intelligatur</strong></span> <span class='ocrx_word' id='word_1_54' title='bbox 539 1053 594 1094; x_wconf 91' lang='lat' dir='ltr'><strong>eus</strong></span> <span class='ocrx_word' id='word_1_55' title='bbox 606 1052 710 1105; x_wconf 87' lang='lat' dir='ltr'><strong>unum,</strong></span> <span class='ocrx_word' id='word_1_56' title='bbox 729 1031 769 1092; x_wconf 89' lang='lat' dir='ltr'><strong>ad</strong></span> <span class='ocrx_word' id='word_1_57' title='bbox 782 1031 868 1111; x_wconf 91' lang='lat' dir='ltr'><strong>quod</strong></span> <span class='ocrx_word' id='word_1_58' title='bbox 881 1028 1058 1092; x_wconf 85' lang='lat' dir='ltr'><strong>necessario</strong></span> <span class='ocrx_word' id='word_1_59' title='bbox 1070 1031 1223 1093; x_wconf 82' lang='lat' dir='ltr'><strong>referatur</strong></span> 
     </span>
     <span class='ocr_line' id='line_1_9' title="bbox 213 1135 391 1196; baseline 0.011 -2"><span class='ocrx_word' id='word_1_60' title='bbox 213 1135 391 1196; x_wconf 87' lang='lat' dir='ltr'><strong>multitudo.</strong></span> 
     </span>
    </p>

    <p class='ocr_par' dir='ltr' id='par_1_3' title="bbox 212 1233 1223 1600">
     <span class='ocr_line' id='line_1_10' title="bbox 274 1233 1222 1314; baseline 0.001 -20"><span class='ocrx_word' id='word_1_61' title='bbox 274 1235 355 1295; x_wconf 91' lang='lat' dir='ltr'><strong>llinc</strong></span> <span class='ocrx_word' id='word_1_62' title='bbox 383 1235 442 1295; x_wconf 90' lang='lat' dir='ltr'><strong>nisi</strong></span> <span class='ocrx_word' id='word_1_63' title='bbox 473 1236 587 1297; x_wconf 87' lang='lat' dir='ltr'><strong>dentur</strong></span> <span class='ocrx_word' id='word_1_64' title='bbox 616 1235 808 1296; x_wconf 90' lang='lat' dir='ltr'><strong>substantiae</strong></span> <span class='ocrx_word' id='word_1_65' title='bbox 832 1233 986 1314; x_wconf 90' lang='lat' dir='ltr'><strong>quaedam</strong></span> <span class='ocrx_word' id='word_1_66' title='bbox 1008 1233 1222 1308; x_wconf 86' lang='lat' dir='ltr'><strong>indivisibiles,</strong></span> 
     </span>
     <span class='ocr_line' id='line_1_11' title="bbox 213 1335 1221 1416; baseline 0.002 -21"><span class='ocrx_word' id='word_1_67' title='bbox 213 1353 347 1416; x_wconf 89' lang='lat' dir='ltr'><strong>corpora</strong></span> <span class='ocrx_word' id='word_1_68' title='bbox 370 1356 433 1397; x_wconf 93' lang='lat' dir='ltr'><strong>non</strong></span> <span class='ocrx_word' id='word_1_69' title='bbox 456 1336 561 1399; x_wconf 88' lang='lat' dir='ltr'><strong>forent</strong></span> <span class='ocrx_word' id='word_1_70' title='bbox 583 1336 694 1411; x_wconf 88' lang='lat' dir='ltr'><strong>realia,</strong></span> <span class='ocrx_word' id='word_1_71' title='bbox 717 1337 774 1398; x_wconf 87' lang='lat' dir='ltr'><strong>sed</strong></span> <span class='ocrx_word' id='word_1_72' title='bbox 797 1335 1000 1416; x_wconf 83' lang='lat' dir='ltr'><strong>apparentiae</strong></span> <span class='ocrx_word' id='word_1_73' title='bbox 1021 1341 1143 1395; x_wconf 89' lang='lat' dir='ltr'><strong>tantum</strong></span> <span class='ocrx_word' id='word_1_74' title='bbox 1165 1355 1221 1397; x_wconf 90' lang='lat' dir='ltr'><strong>seu</strong></span> 
     </span>
     <span class='ocr_line' id='line_1_12' title="bbox 212 1435 1223 1517; baseline 0.001 -22"><span class='ocrx_word' id='word_1_75' title='bbox 212 1435 448 1515; x_wconf 89' lang='lat' dir='ltr'><strong>phaenomena,</strong></span> <span class='ocrx_word' id='word_1_76' title='bbox 470 1437 551 1499; x_wconf 89' lang='lat' dir='ltr'><strong>sicut</strong></span> <span class='ocrx_word' id='word_1_77' title='bbox 571 1437 639 1510; x_wconf 89' lang='lat' dir='ltr'><strong>iris,</strong></span> <span class='ocrx_word' id='word_1_78' title='bbox 662 1437 787 1502; x_wconf 88' lang='lat' dir='ltr'><strong>sublato</strong></span> <span class='ocrx_word' id='word_1_79' title='bbox 811 1436 928 1517; x_wconf 92' lang='lat' dir='ltr'><strong>quippe</strong></span> <span class='ocrx_word' id='word_1_80' title='bbox 951 1436 1036 1496; x_wconf 91' lang='lat' dir='ltr'><strong>omni</strong></span> <span class='ocrx_word' id='word_1_81' title='bbox 1059 1437 1223 1516; x_wconf 89' lang='lat' dir='ltr'><strong>composi-</strong></span> 
     </span>
     <span class='ocr_line' id='line_1_13' title="bbox 212 1537 544 1600; baseline 0.012 -4"><span class='ocrx_word' id='word_1_82' title='bbox 212 1537 306 1599; x_wconf 85' lang='lat' dir='ltr'><strong>tionis</strong></span> <span class='ocrx_word' id='word_1_83' title='bbox 329 1539 544 1600; x_wconf 82' lang='lat' dir='ltr'><strong>fundamento.</strong></span> 
     </span>
    </p>

    <p class='ocr_par' dir='ltr' id='par_1_4' title="bbox 164 1637 1223 2224">
     <span class='ocr_line' id='line_1_14' title="bbox 274 1637 1221 1702; baseline 0.002 -4"><span class='ocrx_word' id='word_1_84' title='bbox 274 1638 402 1700; x_wconf 85' lang='lat' dir='ltr'><strong>Interim</strong></span> <span class='ocrx_word' id='word_1_85' title='bbox 424 1659 489 1701; x_wconf 90' lang='lat' dir='ltr'><strong>nou</strong></span> <span class='ocrx_word' id='word_1_86' title='bbox 511 1641 584 1700; x_wconf 91' lang='lat' dir='ltr'><strong>ideo</strong></span> <span class='ocrx_word' id='word_1_87' title='bbox 608 1639 777 1700; x_wconf 91' lang='lat' dir='ltr'><strong>dicendum</strong></span> <span class='ocrx_word' id='word_1_88' title='bbox 799 1645 847 1699; x_wconf 89' lang='lat' dir='ltr'><strong>est</strong></span> <span class='ocrx_word' id='word_1_89' title='bbox 876 1637 1080 1700; x_wconf 86' lang='lat' dir='ltr'><strong>substantiam</strong></span> <span class='ocrx_word' id='word_1_90' title='bbox 1102 1637 1221 1702; x_wconf 86' lang='lat' dir='ltr'><strong>indivi-</strong></span> 
     </span>
     <span class='ocr_line' id='line_1_15' title="bbox 211 1738 1221 1823; baseline 0.002 -25"><span class='ocrx_word' id='word_1_91' title='bbox 211 1738 334 1800; x_wconf 87' lang='lat' dir='ltr'><strong>sibilem</strong></span> <span class='ocrx_word' id='word_1_92' title='bbox 357 1741 477 1823; x_wconf 82' lang='lat' dir='ltr'><strong>ingredi</strong></span> <span class='ocrx_word' id='word_1_93' title='bbox 498 1739 760 1820; x_wconf 87' lang='lat' dir='ltr'><strong>compositionem</strong></span> <span class='ocrx_word' id='word_1_94' title='bbox 775 1741 917 1820; x_wconf 88' lang='lat' dir='ltr'><strong>corporis</strong></span> <span class='ocrx_word' id='word_1_95' title='bbox 930 1748 1078 1822; x_wconf 90' lang='lat' dir='ltr'><strong>tanquam</strong></span> <span class='ocrx_word' id='word_1_96' title='bbox 1091 1746 1221 1819; x_wconf 90' lang='lat' dir='ltr'><strong>partem,</strong></span> 
     </span>
     <span class='ocr_line' id='line_1_16' title="bbox 211 1840 1223 1924; baseline 0.002 -24"><span class='ocrx_word' id='word_1_97' title='bbox 211 1841 269 1902; x_wconf 89' lang='lat' dir='ltr'><strong>sed</strong></span> <span class='ocrx_word' id='word_1_98' title='bbox 289 1841 395 1920; x_wconf 91' lang='lat' dir='ltr'><strong>potius</strong></span> <span class='ocrx_word' id='word_1_99' title='bbox 407 1850 556 1924; x_wconf 88' lang='lat' dir='ltr'><strong>tanquam</strong></span> <span class='ocrx_word' id='word_1_100' title='bbox 569 1840 754 1920; x_wconf 88' lang='lat' dir='ltr'><strong>requisitum</strong></span> <span class='ocrx_word' id='word_1_101' title='bbox 766 1842 922 1904; x_wconf 87' lang='lat' dir='ltr'><strong>internum</strong></span> <span class='ocrx_word' id='word_1_102' title='bbox 935 1840 1110 1904; x_wconf 84' lang='lat' dir='ltr'><strong>essentiale.</strong></span> <span class='ocrx_word' id='word_1_103' title='bbox 1138 1841 1223 1902; x_wconf 86' lang='lat' dir='ltr'><strong>Sicut</strong></span> 
     </span>
     <span class='ocr_line' id='line_1_17' title="bbox 211 1941 1222 2024; baseline 0.004 -24"><span class='ocrx_word' id='word_1_104' title='bbox 211 1949 370 2020; x_wconf 90' lang='lat' dir='ltr'><strong>punctum,</strong></span> <span class='ocrx_word' id='word_1_105' title='bbox 393 1943 465 2004; x_wconf 90' lang='lat' dir='ltr'><strong>licet</strong></span> <span class='ocrx_word' id='word_1_106' title='bbox 480 1962 544 2003; x_wconf 91' lang='lat' dir='ltr'><strong>non</strong></span> <span class='ocrx_word' id='word_1_107' title='bbox 566 1942 606 2003; x_wconf 86' lang='lat' dir='ltr'><strong>sit</strong></span> <span class='ocrx_word' id='word_1_108' title='bbox 627 1961 699 2021; x_wconf 90' lang='lat' dir='ltr'><strong>pars</strong></span> <span class='ocrx_word' id='word_1_109' title='bbox 717 1943 924 2022; x_wconf 89' lang='lat' dir='ltr'><strong>compositiva</strong></span> <span class='ocrx_word' id='word_1_110' title='bbox 945 1943 1057 2024; x_wconf 85' lang='lat' dir='ltr'><strong>lineae,</strong></span> <span class='ocrx_word' id='word_1_111' title='bbox 1080 1942 1136 2002; x_wconf 90' lang='lat' dir='ltr'><strong>sed</strong></span> <span class='ocrx_word' id='word_1_112' title='bbox 1157 1941 1222 2004; x_wconf 88' lang='lat' dir='ltr'><strong>be-</strong></span> 
     </span>
     <span class='ocr_line' id='line_1_18' title="bbox 212 2043 1222 2126; baseline 0.003 -25"><span class='ocrx_word' id='word_1_113' title='bbox 212 2049 417 2122; x_wconf 83' lang='lat' dir='ltr'><strong>terogeneum</strong></span> <span class='ocrx_word' id='word_1_114' title='bbox 449 2045 616 2126; x_wconf 86' lang='lat' dir='ltr'><strong>quiddam,</strong></span> <span class='ocrx_word' id='word_1_115' title='bbox 646 2051 748 2104; x_wconf 88' lang='lat' dir='ltr'><strong>tamen</strong></span> <span class='ocrx_word' id='word_1_116' title='bbox 779 2043 958 2106; x_wconf 88' lang='lat' dir='ltr'><strong>necessario</strong></span> <span class='ocrx_word' id='word_1_117' title='bbox 979 2044 1164 2123; x_wconf 90' lang='lat' dir='ltr'><strong>requiritur,</strong></span> <span class='ocrx_word' id='word_1_118' title='bbox 1189 2052 1222 2104; x_wconf 92' lang='lat' dir='ltr'><strong>ut</strong></span> 
     </span>
     <span class='ocr_line' id='line_1_19' title="bbox 164 2142 630 2224; baseline 0.004 -22"><span class='ocrx_word' id='word_1_119' title='bbox 164 2171 167 2180; x_wconf 73' lang='lat'><strong>.</strong></span> <span class='ocrx_word' id='word_1_120' title='bbox 210 2142 293 2204; x_wconf 90' lang='lat' dir='ltr'><strong>linea</strong></span> <span class='ocrx_word' id='word_1_121' title='bbox 311 2144 355 2204; x_wconf 87' lang='lat' dir='ltr'><strong>sit</strong></span> <span class='ocrx_word' id='word_1_122' title='bbox 377 2150 409 2205; x_wconf 90' lang='lat' dir='ltr'><strong>et</strong></span> <span class='ocrx_word' id='word_1_123' title='bbox 429 2144 630 2224; x_wconf 83' lang='lat' dir='ltr'><strong>intelligatur.</strong></span> 
     </span>
    </p>

    <p class='ocr_par' dir='ltr' id='par_1_5' title="bbox 209 2243 1223 2933">
     <span class='ocr_line' id='line_1_20' title="bbox 273 2243 1221 2328; baseline 0.003 -24"><span class='ocrx_word' id='word_1_124' title='bbox 273 2243 437 2307; x_wconf 86' lang='lat' dir='ltr'><strong>llinccum</strong></span> <span class='ocrx_word' id='word_1_125' title='bbox 453 2265 527 2326; x_wconf 85' lang='lat' dir='ltr'><strong>ego</strong></span> <span class='ocrx_word' id='word_1_126' title='bbox 541 2265 613 2308; x_wconf 90' lang='lat' dir='ltr'><strong>vere</strong></span> <span class='ocrx_word' id='word_1_127' title='bbox 635 2246 693 2308; x_wconf 90' lang='lat' dir='ltr'><strong>sim</strong></span> <span class='ocrx_word' id='word_1_128' title='bbox 716 2245 808 2306; x_wconf 86' lang='lat' dir='ltr'><strong>unica</strong></span> <span class='ocrx_word' id='word_1_129' title='bbox 829 2244 1000 2307; x_wconf 90' lang='lat' dir='ltr'><strong>substantia</strong></span> <span class='ocrx_word' id='word_1_130' title='bbox 1021 2245 1221 2328; x_wconf 87' lang='lat' dir='ltr'><strong>indivisibilis</strong></span> 
     </span>
     <span class='ocr_line' id='line_1_21' title="bbox 212 2345 1221 2427; baseline 0.003 -21"><span class='ocrx_word' id='word_1_131' title='bbox 212 2348 243 2406; x_wconf 90' lang='lat' dir='ltr'><strong>in</strong></span> <span class='ocrx_word' id='word_1_132' title='bbox 261 2345 338 2406; x_wconf 88' lang='lat' dir='ltr'><strong>alias</strong></span> <span class='ocrx_word' id='word_1_133' title='bbox 360 2345 477 2426; x_wconf 90' lang='lat' dir='ltr'><strong>plures,</strong></span> <span class='ocrx_word' id='word_1_134' title='bbox 499 2347 715 2421; x_wconf 85' lang='lat' dir='ltr'><strong>irresolubilis‚</strong></span> <span class='ocrx_word' id='word_1_135' title='bbox 739 2365 925 2427; x_wconf 90' lang='lat' dir='ltr'><strong>permanens</strong></span> <span class='ocrx_word' id='word_1_136' title='bbox 939 2353 970 2407; x_wconf 90' lang='lat' dir='ltr'><strong>et</strong></span> <span class='ocrx_word' id='word_1_137' title='bbox 982 2353 1128 2408; x_wconf 90' lang='lat' dir='ltr'><strong>constans</strong></span> <span class='ocrx_word' id='word_1_138' title='bbox 1140 2349 1221 2409; x_wconf 91' lang='lat' dir='ltr'><strong>sub-</strong></span> 
     </span>
     <span class='ocr_line' id='line_1_22' title="bbox 209 2434 1223 2528; baseline 0.002 -20"><span class='ocrx_word' id='word_1_139' title='bbox 209 2447 328 2528; x_wconf 82' lang='lat' dir='ltr'><strong>jectum</strong></span> <span class='ocrx_word' id='word_1_140' title='bbox 358 2466 498 2512; x_wconf 89' lang='lat' dir='ltr'><strong>mearum</strong></span> <span class='ocrx_word' id='word_1_141' title='bbox 527 2449 686 2510; x_wconf 89' lang='lat' dir='ltr'><strong>actionum</strong></span> <span class='ocrx_word' id='word_1_142' title='bbox 718 2455 750 2510; x_wconf 85' lang='lat' dir='ltr'><strong>et</strong></span> <span class='ocrx_word' id='word_1_143' title='bbox 783 2434 981 2526; x_wconf 87' lang='lat' dir='ltr'><strong>passionum,</strong></span> <span class='ocrx_word' id='word_1_144' title='bbox 1016 2467 1144 2510; x_wconf 89' lang='lat' dir='ltr'><strong>necesse</strong></span> <span class='ocrx_word' id='word_1_145' title='bbox 1175 2455 1223 2510; x_wconf 90' lang='lat' dir='ltr'><strong>est</strong></span> 
     </span>
     <span class='ocr_line' id='line_1_23' title="bbox 213 2547 1220 2630; baseline 0.002 -22"><span class='ocrx_word' id='word_1_146' title='bbox 213 2548 280 2609; x_wconf 90' lang='lat' dir='ltr'><strong>dari</strong></span> <span class='ocrx_word' id='word_1_147' title='bbox 302 2554 427 2628; x_wconf 89' lang='lat' dir='ltr'><strong>praeter</strong></span> <span class='ocrx_word' id='word_1_148' title='bbox 449 2567 563 2630; x_wconf 90' lang='lat' dir='ltr'><strong>corpus</strong></span> <span class='ocrx_word' id='word_1_149' title='bbox 584 2549 766 2630; x_wconf 83' lang='lat' dir='ltr'><strong>organicum</strong></span> <span class='ocrx_word' id='word_1_150' title='bbox 789 2549 995 2610; x_wconf 88' lang='lat' dir='ltr'><strong>substantiam</strong></span> <span class='ocrx_word' id='word_1_151' title='bbox 1017 2547 1220 2624; x_wconf 88' lang='lat' dir='ltr'><strong>individuam,</strong></span> 
     </span>
     <span class='ocr_line' id='line_1_24' title="bbox 211 2650 1220 2730; baseline 0.002 -20"><span class='ocrx_word' id='word_1_152' title='bbox 211 2655 458 2729; x_wconf 90' lang='lat' dir='ltr'><strong>permanentem,</strong></span> <span class='ocrx_word' id='word_1_153' title='bbox 486 2655 554 2710; x_wconf 92' lang='lat' dir='ltr'><strong>toto</strong></span> <span class='ocrx_word' id='word_1_154' title='bbox 578 2669 692 2730; x_wconf 84' lang='lat' dir='ltr'><strong>genere</strong></span> <span class='ocrx_word' id='word_1_155' title='bbox 715 2650 870 2712; x_wconf 89' lang='lat' dir='ltr'><strong>diversam</strong></span> <span class='ocrx_word' id='word_1_156' title='bbox 892 2668 909 2710; x_wconf 88' lang='lat' dir='ltr'><strong>a</strong></span> <span class='ocrx_word' id='word_1_157' title='bbox 933 2656 1044 2711; x_wconf 90' lang='lat' dir='ltr'><strong>natura</strong></span> <span class='ocrx_word' id='word_1_158' title='bbox 1067 2651 1220 2730; x_wconf 87' lang='lat' dir='ltr'><strong>corporis,</strong></span> 
     </span>
     <span class='ocr_line' id='line_1_25' title="bbox 212 2750 1221 2832; baseline 0.002 -22"><span class='ocrx_word' id='word_1_159' title='bbox 212 2751 299 2832; x_wconf 89' lang='lat' dir='ltr'><strong>quod</strong></span> <span class='ocrx_word' id='word_1_160' title='bbox 321 2751 353 2811; x_wconf 94' lang='lat' dir='ltr'><strong>in</strong></span> <span class='ocrx_word' id='word_1_161' title='bbox 377 2750 528 2811; x_wconf 89' lang='lat' dir='ltr'><strong>continuo</strong></span> <span class='ocrx_word' id='word_1_162' title='bbox 551 2750 636 2811; x_wconf 85' lang='lat' dir='ltr'><strong>lluxu</strong></span> <span class='ocrx_word' id='word_1_163' title='bbox 658 2769 785 2812; x_wconf 89' lang='lat' dir='ltr'><strong>suarum</strong></span> <span class='ocrx_word' id='word_1_164' title='bbox 807 2750 942 2830; x_wconf 89' lang='lat' dir='ltr'><strong>partium</strong></span> <span class='ocrx_word' id='word_1_165' title='bbox 965 2751 1111 2831; x_wconf 86' lang='lat' dir='ltr'><strong>positum,</strong></span> <span class='ocrx_word' id='word_1_166' title='bbox 1136 2772 1221 2812; x_wconf 92' lang='lat' dir='ltr'><strong>nun-</strong></span> 
     </span>
     <span class='ocr_line' id='line_1_26' title="bbox 213 2850 1031 2933; baseline 0.002 -22"><span class='ocrx_word' id='word_1_167' title='bbox 213 2869 306 2933; x_wconf 88' lang='lat' dir='ltr'><strong>quam</strong></span> <span class='ocrx_word' id='word_1_168' title='bbox 329 2850 413 2912; x_wconf 91' lang='lat' dir='ltr'><strong>idem</strong></span> <span class='ocrx_word' id='word_1_169' title='bbox 436 2858 609 2931; x_wconf 84' lang='lat' dir='ltr'><strong>permanet,</strong></span> <span class='ocrx_word' id='word_1_170' title='bbox 632 2853 689 2914; x_wconf 91' lang='lat' dir='ltr'><strong>sed</strong></span> <span class='ocrx_word' id='word_1_171' title='bbox 710 2859 863 2932; x_wconf 92' lang='lat' dir='ltr'><strong>perpetuo</strong></span> <span class='ocrx_word' id='word_1_172' title='bbox 884 2859 1031 2914; x_wconf 85' lang='lat' dir='ltr'><strong>mutatur.</strong></span> 
     </span>
    </p>

    <p class='ocr_par' dir='ltr' id='par_1_6' title="bbox 209 2951 1221 3136">
     <span class='ocr_line' id='line_1_27' title="bbox 273 2951 1221 3037; baseline 0.003 -25"><span class='ocrx_word' id='word_1_173' title='bbox 273 2951 382 3032; x_wconf 88' lang='lat' dir='ltr'><strong>ltaque</strong></span> <span class='ocrx_word' id='word_1_174' title='bbox 391 2953 422 3012; x_wconf 95' lang='lat' dir='ltr'><strong>in</strong></span> <span class='ocrx_word' id='word_1_175' title='bbox 432 2953 562 3014; x_wconf 89' lang='lat' dir='ltr'><strong>homine</strong></span> <span class='ocrx_word' id='word_1_176' title='bbox 571 2961 697 3033; x_wconf 88' lang='lat' dir='ltr'><strong>praeter</strong></span> <span class='ocrx_word' id='word_1_177' title='bbox 705 2973 820 3032; x_wconf 91' lang='lat' dir='ltr'><strong>corpus</strong></span> <span class='ocrx_word' id='word_1_178' title='bbox 829 2953 920 3015; x_wconf 91' lang='lat' dir='ltr'><strong>datur</strong></span> <span class='ocrx_word' id='word_1_179' title='bbox 931 2953 1103 3015; x_wconf 85' lang='lat' dir='ltr'><strong>substantia</strong></span> <span class='ocrx_word' id='word_1_180' title='bbox 1115 2952 1221 3037; x_wconf 91' lang='lat' dir='ltr'><strong>aliqua</strong></span> 
     </span>
     <span class='ocr_line' id='line_1_28' title="bbox 209 3052 1220 3136; baseline 0.005 -24"><span class='ocrx_word' id='word_1_181' title='bbox 209 3052 410 3133; x_wconf 88' lang='lat' dir='ltr'><strong>incorporea,</strong></span> <span class='ocrx_word' id='word_1_182' title='bbox 433 3053 628 3127; x_wconf 90' lang='lat' dir='ltr'><strong>immortalis,</strong></span> <span class='ocrx_word' id='word_1_183' title='bbox 650 3054 766 3136; x_wconf 92' lang='lat' dir='ltr'><strong>quippo</strong></span> <span class='ocrx_word' id='word_1_184' title='bbox 789 3053 896 3135; x_wconf 90' lang='lat' dir='ltr'><strong>inepta</strong></span> <span class='ocrx_word' id='word_1_185' title='bbox 918 3055 948 3114; x_wconf 93' lang='lat' dir='ltr'><strong>in</strong></span> <span class='ocrx_word' id='word_1_186' title='bbox 972 3062 1075 3135; x_wconf 90' lang='lat' dir='ltr'><strong>partes</strong></span> <span class='ocrx_word' id='word_1_187' title='bbox 1093 3057 1220 3117; x_wconf 88' lang='lat' dir='ltr'><strong>resolvi.</strong></span> 
     </span>
    </p>

    <p class='ocr_par' dir='ltr' id='par_1_7' title="bbox 142 3154 1222 4447">
     <span class='ocr_line' id='line_1_29' title="bbox 273 3154 1222 3236; baseline 0.003 -21"><span class='ocrx_word' id='word_1_188' title='bbox 273 3156 371 3215; x_wconf 91' lang='lat' dir='ltr'><strong>Porro</strong></span> <span class='ocrx_word' id='word_1_189' title='bbox 394 3154 469 3214; x_wconf 93' lang='lat' dir='ltr'><strong>unio</strong></span> <span class='ocrx_word' id='word_1_190' title='bbox 492 3155 614 3216; x_wconf 90' lang='lat' dir='ltr'><strong>animae</strong></span> <span class='ocrx_word' id='word_1_191' title='bbox 637 3175 708 3216; x_wconf 92' lang='lat' dir='ltr'><strong>cum</strong></span> <span class='ocrx_word' id='word_1_192' title='bbox 730 3175 864 3236; x_wconf 90' lang='lat' dir='ltr'><strong>corpore</strong></span> <span class='ocrx_word' id='word_1_193' title='bbox 886 3157 916 3217; x_wconf 92' lang='lat' dir='ltr'><strong>in</strong></span> <span class='ocrx_word' id='word_1_194' title='bbox 938 3156 1067 3217; x_wconf 87' lang='lat' dir='ltr'><strong>homine</strong></span> <span class='ocrx_word' id='word_1_195' title='bbox 1080 3157 1222 3218; x_wconf 90' lang='lat' dir='ltr'><strong>consistit</strong></span> 
     </span>
     <span class='ocr_line' id='line_1_30' title="bbox 211 3254 1221 3338; baseline 0.004 -24"><span class='ocrx_word' id='word_1_196' title='bbox 211 3255 243 3315; x_wconf 93' lang='lat' dir='ltr'><strong>in</strong></span> <span class='ocrx_word' id='word_1_197' title='bbox 265 3254 494 3336; x_wconf 77' lang='lat' dir='ltr'><strong>perfectissimo</strong></span> <span class='ocrx_word' id='word_1_198' title='bbox 517 3256 572 3316; x_wconf 96' lang='lat' dir='ltr'><strong>illo</strong></span> <span class='ocrx_word' id='word_1_199' title='bbox 597 3276 762 3330; x_wconf 91' lang='lat' dir='ltr'><strong>consensu,</strong></span> <span class='ocrx_word' id='word_1_200' title='bbox 786 3276 849 3336; x_wconf 92' lang='lat' dir='ltr'><strong>quo</strong></span> <span class='ocrx_word' id='word_1_201' title='bbox 862 3264 1002 3317; x_wconf 93' lang='lat' dir='ltr'><strong>motuum</strong></span> <span class='ocrx_word' id='word_1_202' title='bbox 1016 3256 1113 3318; x_wconf 88' lang='lat' dir='ltr'><strong>serios</strong></span> <span class='ocrx_word' id='word_1_203' title='bbox 1129 3258 1221 3338; x_wconf 83' lang='lat' dir='ltr'><strong>cogi-</strong></span> 
     </span>
     <span class='ocr_line' id='line_1_31' title="bbox 210 3352 1219 3438; baseline 0.003 -22"><span class='ocrx_word' id='word_1_204' title='bbox 210 3357 364 3416; x_wconf 91' lang='lat' dir='ltr'><strong>tationum</strong></span> <span class='ocrx_word' id='word_1_205' title='bbox 387 3355 479 3416; x_wconf 90' lang='lat' dir='ltr'><strong>seriei</strong></span> <span class='ocrx_word' id='word_1_206' title='bbox 502 3357 683 3437; x_wconf 88' lang='lat' dir='ltr'><strong>respondet,</strong></span> <span class='ocrx_word' id='word_1_207' title='bbox 706 3357 749 3417; x_wconf 91' lang='lat' dir='ltr'><strong>ita</strong></span> <span class='ocrx_word' id='word_1_208' title='bbox 771 3365 804 3418; x_wconf 89' lang='lat' dir='ltr'><strong>ut</strong></span> <span class='ocrx_word' id='word_1_209' title='bbox 825 3375 929 3438; x_wconf 90' lang='lat' dir='ltr'><strong>neque</strong></span> <span class='ocrx_word' id='word_1_210' title='bbox 951 3352 1080 3438; x_wconf 78' lang='lat' dir='ltr'><strong>physice</strong></span> <span class='ocrx_word' id='word_1_211' title='bbox 1096 3376 1219 3438; x_wconf 91' lang='lat' dir='ltr'><strong>corpus,</strong></span> 
     </span>
     <span class='ocr_line' id='line_1_32' title="bbox 212 3454 1221 3538; baseline 0.002 -20"><span class='ocrx_word' id='word_1_212' title='bbox 212 3477 315 3538; x_wconf 89' lang='lat' dir='ltr'><strong>neque</strong></span> <span class='ocrx_word' id='word_1_213' title='bbox 339 3454 505 3518; x_wconf 89' lang='lat' dir='ltr'><strong>occasione</strong></span> <span class='ocrx_word' id='word_1_214' title='bbox 528 3458 670 3538; x_wconf 90' lang='lat' dir='ltr'><strong>corporis</strong></span> <span class='ocrx_word' id='word_1_215' title='bbox 690 3458 774 3518; x_wconf 90' lang='lat' dir='ltr'><strong>Deus</strong></span> <span class='ocrx_word' id='word_1_216' title='bbox 796 3458 909 3518; x_wconf 90' lang='lat' dir='ltr'><strong>seriem</strong></span> <span class='ocrx_word' id='word_1_217' title='bbox 932 3457 1158 3538; x_wconf 84' lang='lat' dir='ltr'><strong>cogitationum</strong></span> <span class='ocrx_word' id='word_1_218' title='bbox 1183 3480 1221 3520; x_wconf 84' lang='lat' dir='ltr'><strong>ex</strong></span> 
     </span>
     <span class='ocr_line' id='line_1_33' title="bbox 142 3557 1220 3639; baseline 0.003 -22"><span class='ocrx_word' id='word_1_219' title='bbox 142 3591 148 3598; x_wconf 73' lang='lat'><em>,</em></span> <span class='ocrx_word' id='word_1_220' title='bbox 210 3566 321 3618; x_wconf 92' lang='lat' dir='ltr'><strong>natura</strong></span> <span class='ocrx_word' id='word_1_221' title='bbox 345 3557 456 3619; x_wconf 90' lang='lat' dir='ltr'><strong>mentis</strong></span> <span class='ocrx_word' id='word_1_222' title='bbox 479 3567 593 3638; x_wconf 89' lang='lat' dir='ltr'><strong>sponte</strong></span> <span class='ocrx_word' id='word_1_223' title='bbox 617 3559 812 3622; x_wconf 90' lang='lat' dir='ltr'><strong>nascentium</strong></span> <span class='ocrx_word' id='word_1_224' title='bbox 834 3559 983 3632; x_wconf 91' lang='lat' dir='ltr'><strong>immutet,</strong></span> <span class='ocrx_word' id='word_1_225' title='bbox 1003 3577 1164 3639; x_wconf 89' lang='lat' dir='ltr'><strong>novasque</strong></span> <span class='ocrx_word' id='word_1_226' title='bbox 1187 3560 1220 3620; x_wconf 89' lang='lat' dir='ltr'><strong>in</strong></span> 
     </span>
     <span class='ocr_line' id='line_1_34' title="bbox 211 3659 1221 3740; baseline 0.003 -20"><span class='ocrx_word' id='word_1_227' title='bbox 211 3678 250 3720; x_wconf 91' lang='lat' dir='ltr'><strong>eo</strong></span> <span class='ocrx_word' id='word_1_228' title='bbox 273 3659 444 3738; x_wconf 82' lang='lat' dir='ltr'><strong>producat3</strong></span> <span class='ocrx_word' id='word_1_229' title='bbox 467 3660 522 3720; x_wconf 92' lang='lat' dir='ltr'><strong>sed</strong></span> <span class='ocrx_word' id='word_1_230' title='bbox 545 3660 651 3738; x_wconf 91' lang='lat' dir='ltr'><strong>potius</strong></span> <span class='ocrx_word' id='word_1_231' title='bbox 673 3661 742 3740; x_wconf 91' lang='lat' dir='ltr'><strong>ipsa</strong></span> <span class='ocrx_word' id='word_1_232' title='bbox 763 3659 865 3721; x_wconf 89' lang='lat' dir='ltr'><strong>anima</strong></span> <span class='ocrx_word' id='word_1_233' title='bbox 889 3680 927 3720; x_wconf 84' lang='lat' dir='ltr'><strong>ex</strong></span> <span class='ocrx_word' id='word_1_234' title='bbox 938 3677 1013 3720; x_wconf 89' lang='lat' dir='ltr'><strong>suae</strong></span> <span class='ocrx_word' id='word_1_235' title='bbox 1026 3660 1221 3724; x_wconf 91' lang='lat' dir='ltr'><strong>substantiae</strong></span> 
     </span>
     <span class='ocr_line' id='line_1_35' title="bbox 211 3759 1221 3844; baseline 0.004 -24"><span class='ocrx_word' id='word_1_236' title='bbox 211 3759 359 3840; x_wconf 90' lang='lat' dir='ltr'><strong>propriae</strong></span> <span class='ocrx_word' id='word_1_237' title='bbox 381 3761 493 3822; x_wconf 88' lang='lat' dir='ltr'><strong>virtute</strong></span> <span class='ocrx_word' id='word_1_238' title='bbox 508 3761 586 3822; x_wconf 90' lang='lat' dir='ltr'><strong>tales</strong></span> <span class='ocrx_word' id='word_1_239' title='bbox 608 3761 668 3822; x_wconf 93' lang='lat' dir='ltr'><strong>sibi</strong></span> <span class='ocrx_word' id='word_1_240' title='bbox 692 3762 804 3822; x_wconf 90' lang='lat' dir='ltr'><strong>modos</strong></span> <span class='ocrx_word' id='word_1_241' title='bbox 828 3760 942 3841; x_wconf 87' lang='lat' dir='ltr'><strong>agendi</strong></span> <span class='ocrx_word' id='word_1_242' title='bbox 965 3759 1087 3834; x_wconf 88' lang='lat' dir='ltr'><strong>educat,</strong></span> <span class='ocrx_word' id='word_1_243' title='bbox 1102 3763 1164 3844; x_wconf 92' lang='lat' dir='ltr'><strong>qui</strong></span> <span class='ocrx_word' id='word_1_244' title='bbox 1183 3784 1221 3824; x_wconf 82' lang='lat' dir='ltr'><strong>ex</strong></span> 
     </span>
     <span class='ocr_line' id='line_1_36' title="bbox 209 3858 1219 3943; baseline 0.004 -23"><span class='ocrx_word' id='word_1_245' title='bbox 209 3861 317 3939; x_wconf 90' lang='lat' dir='ltr'><strong>primis</strong></span> <span class='ocrx_word' id='word_1_246' title='bbox 341 3868 471 3921; x_wconf 90' lang='lat' dir='ltr'><strong>naturae</strong></span> <span class='ocrx_word' id='word_1_247' title='bbox 493 3861 616 3941; x_wconf 82' lang='lat' dir='ltr'><strong>legibus</strong></span> <span class='ocrx_word' id='word_1_248' title='bbox 639 3881 709 3923; x_wconf 91' lang='lat' dir='ltr'><strong>cum</strong></span> <span class='ocrx_word' id='word_1_249' title='bbox 724 3858 866 3940; x_wconf 89' lang='lat' dir='ltr'><strong>corporis</strong></span> <span class='ocrx_word' id='word_1_250' title='bbox 879 3859 1015 3921; x_wconf 89' lang='lat' dir='ltr'><strong>motibus</strong></span> <span class='ocrx_word' id='word_1_251' title='bbox 1029 3863 1219 3943; x_wconf 88' lang='lat' dir='ltr'><strong>conspirent.</strong></span> 
     </span>
     <span class='ocr_line' id='line_1_37' title="bbox 210 3960 1220 4043; baseline 0.004 -22"><span class='ocrx_word' id='word_1_252' title='bbox 210 3961 296 4022; x_wconf 92' lang='lat' dir='ltr'><strong>Unde</strong></span> <span class='ocrx_word' id='word_1_253' title='bbox 318 3960 363 4035; x_wconf 90' lang='lat' dir='ltr'><strong>fit,</strong></span> <span class='ocrx_word' id='word_1_254' title='bbox 386 3967 420 4020; x_wconf 90' lang='lat' dir='ltr'><strong>ut</strong></span> <span class='ocrx_word' id='word_1_255' title='bbox 443 3960 613 4022; x_wconf 88' lang='lat' dir='ltr'><strong>certissime</strong></span> <span class='ocrx_word' id='word_1_256' title='bbox 627 3983 723 4023; x_wconf 93' lang='lat' dir='ltr'><strong>unum</strong></span> <span class='ocrx_word' id='word_1_257' title='bbox 735 3961 857 4023; x_wconf 88' lang='lat' dir='ltr'><strong>animae</strong></span> <span class='ocrx_word' id='word_1_258' title='bbox 870 3968 923 4021; x_wconf 88' lang='lat' dir='ltr'><strong>a‘ut</strong></span> <span class='ocrx_word' id='word_1_259' title='bbox 934 3963 1077 4043; x_wconf 93' lang='lat' dir='ltr'><strong>corporis</strong></span> <span class='ocrx_word' id='word_1_260' title='bbox 1090 3965 1220 4025; x_wconf 92' lang='lat' dir='ltr'><strong>modum</strong></span> 
     </span>
     <span class='ocr_line' id='line_1_38' title="bbox 211 4061 1219 4146; baseline 0.005 -25"><span class='ocrx_word' id='word_1_261' title='bbox 211 4061 345 4122; x_wconf 92' lang='lat' dir='ltr'><strong>aliorum</strong></span> <span class='ocrx_word' id='word_1_262' title='bbox 376 4081 543 4142; x_wconf 87' lang='lat' dir='ltr'><strong>corporum</strong></span> <span class='ocrx_word' id='word_1_263' title='bbox 573 4063 622 4124; x_wconf 92' lang='lat' dir='ltr'><strong>vel</strong></span> <span class='ocrx_word' id='word_1_264' title='bbox 651 4063 825 4124; x_wconf 88' lang='lat' dir='ltr'><strong>animarum</strong></span> <span class='ocrx_word' id='word_1_265' title='bbox 854 4062 938 4123; x_wconf 94' lang='lat' dir='ltr'><strong>modi</strong></span> <span class='ocrx_word' id='word_1_266' title='bbox 976 4073 1219 4146; x_wconf 88' lang='lat' dir='ltr'><strong>consequantur.</strong></span> 
     </span>
     <span class='ocr_line' id='line_1_39' title="bbox 209 4163 1219 4246; baseline 0.002 -22"><span class='ocrx_word' id='word_1_267' title='bbox 209 4164 316 4245; x_wconf 88' lang='lat' dir='ltr'><strong>Neque</strong></span> <span class='ocrx_word' id='word_1_268' title='bbox 335 4163 421 4224; x_wconf 89' lang='lat' dir='ltr'><strong>aliud</strong></span> <span class='ocrx_word' id='word_1_269' title='bbox 444 4169 491 4224; x_wconf 90' lang='lat' dir='ltr'><strong>est</strong></span> <span class='ocrx_word' id='word_1_270' title='bbox 513 4165 655 4243; x_wconf 90' lang='lat' dir='ltr'><strong>operatio</strong></span> <span class='ocrx_word' id='word_1_271' title='bbox 671 4165 761 4225; x_wconf 89' lang='lat' dir='ltr'><strong>unius</strong></span> <span class='ocrx_word' id='word_1_272' title='bbox 773 4163 965 4224; x_wconf 88' lang='lat' dir='ltr'><strong>substantiae</strong></span> <span class='ocrx_word' id='word_1_273' title='bbox 977 4163 1007 4223; x_wconf 92' lang='lat' dir='ltr'><strong>in</strong></span> <span class='ocrx_word' id='word_1_274' title='bbox 1020 4164 1112 4223; x_wconf 89' lang='lat' dir='ltr'><strong>aliam</strong></span> <span class='ocrx_word' id='word_1_275' title='bbox 1125 4184 1219 4246; x_wconf 90' lang='lat' dir='ltr'><strong>quam</strong></span> 
     </span>
     <span class='ocr_line' id='line_1_40' title="bbox 210 4264 1219 4346; baseline 0.001 -22"><span class='ocrx_word' id='word_1_276' title='bbox 210 4265 291 4324; x_wconf 91' lang='lat' dir='ltr'><strong>actio</strong></span> <span class='ocrx_word' id='word_1_277' title='bbox 322 4264 415 4324; x_wconf 90' lang='lat' dir='ltr'><strong>unius</strong></span> <span class='ocrx_word' id='word_1_278' title='bbox 445 4264 653 4339; x_wconf 90' lang='lat' dir='ltr'><strong>substantiae,</strong></span> <span class='ocrx_word' id='word_1_279' title='bbox 685 4283 778 4346; x_wconf 93' lang='lat' dir='ltr'><strong>quam</strong></span> <span class='ocrx_word' id='word_1_280' title='bbox 808 4264 837 4324; x_wconf 91' lang='lat' dir='ltr'><strong>vi</strong></span> <span class='ocrx_word' id='word_1_281' title='bbox 868 4284 1040 4327; x_wconf 91' lang='lat' dir='ltr'><strong>consensus</strong></span> <span class='ocrx_word' id='word_1_282' title='bbox 1063 4265 1219 4346; x_wconf 79' lang='lat' dir='ltr'><strong>generalis</strong></span> 
     </span>
     <span class='ocr_line' id='line_1_41' title="bbox 211 4365 896 4447; baseline 0.003 -22"><span class='ocrx_word' id='word_1_283' title='bbox 211 4365 415 4447; x_wconf 88' lang='lat' dir='ltr'><strong>consequitur</strong></span> <span class='ocrx_word' id='word_1_284' title='bbox 437 4365 520 4446; x_wconf 91' lang='lat' dir='ltr'><strong>actio</strong></span> <span class='ocrx_word' id='word_1_285' title='bbox 543 4365 670 4427; x_wconf 84' lang='lat' dir='ltr'><strong>alterius</strong></span> <span class='ocrx_word' id='word_1_286' title='bbox 694 4365 896 4427; x_wconf 85' lang='lat' dir='ltr'><strong>substantiae.</strong></span> 
     </span>
    </p>
   </div>
   <div class='ocr_carea' id='block_1_3' title="bbox 0 0 1540 5020">
    <p class='ocr_par' dir='ltr' id='par_1_8' title="bbox 0 0 1540 5020">
     <span class='ocr_line' id='line_1_42' title="bbox 0 0 1540 5020; baseline 0 0"><span class='ocrx_word' id='word_1_287' title='bbox 0 0 1540 5020; x_wconf 95' lang='lat' dir='ltr'><strong> </strong></span> 
     </span>
    </p>
   </div>
  </div>
 </body>
</html>
