3072 5020
488 255 640 322 bElBNlZ.
677 255 862 318 nannum.
1193 267 1244 325 1⁵1

99 431 169 506 tio,
198 428 233 492 id
266 435 314 494 est
351 437 505 512 perpetua
532 431 691 496 bullarum
712 431 907 496 nascentium
935 438 967 495 et
988 434 1241 500 evanescentium

99 540 217 595 catena
240 537 297 594 est.
333 531 431 594 Totus
452 531 567 613 globus
588 539 697 596 noster
718 531 750 594 in
771 538 926 614 perpetuo
946 533 1144 599 lluxualnoe
1156 554 1241 598 eon-

98 633 242 696 stitnitur
264 632 361 696 instar
382 631 515 708 metalli,
538 635 626 716 qnod
646 640 762 698 vocant
783 631 936 709 artifices,
958 633 991 696 in
1013 634 1118 698 torma
1139 635 1242 700 vitra-

97 734 149 796 ria
169 733 307 798 fluentis.
346 733 432 795 Tunc
452 732 564 814 spiritu
586 732 791 814 corporibus,
813 733 903 797 caelo
927 741 1010 798 terra
1030 735 1117 799 varie
1138 736 1241 800 inter-

99 843 206 916 cepto,
227 835 324 898 bullis
346 833 433 898 varie
454 833 570 896 inbutis
590 832 812 918 figuratisque,
834 837 882 898 tot
901 834 1067 900 vmietates
1088 853 1239 902 vasorum

97 935 189 998 velut
209 935 382 1000 vitreorum
403 934 683 1000 minutissimorum
705 934 843 1000 aetheris
863 943 951 1000 mota
973 936 1238 1020 liquefacientein

97 1042 275 1116 perpetuae
297 1034 477 1116 agitationis
498 1036 584 1099 fluxu
606 1036 856 1114 constitutorum,
878 1036 1238 1118 ipsamotusceleritate

98 1155 264 1217 egressum
286 1121 528 1200 consecutorum
549 1139 824 1218 praevertentium,
846 1155 884 1200 ae
903 1137 990 1200 lluxn
1011 1158 1069 1202 sno
1082 1145 1114 1200 ot
1129 1145 1237 1200 truns-

96 1237 293 1299 formatione
314 1236 463 1300 continua
484 1255 541 1300 sua
562 1239 623 1302 sibi
646 1238 767 1302 crificia
789 1233 1043 1315 occludendum,
1066 1239 1153 1302 nasci
1175 1257 1237 1302 ne-

98 1355 190 1398 cesse
212 1343 269 1400 est.
304 1337 343 1400 bt
366 1356 436 1400 cum
457 1335 707 1421 heterogeneum
718 1339 862 1422 injicitur,
884 1340 1243 1421 quemadmodumcnm

96 1438 174 1500 artis
196 1438 399 1520 probatoriae
421 1439 562 1521 magistri
583 1440 717 1503 metallis
737 1440 811 1522 igue
831 1439 998 1503 fluentibus
1016 1439 1161 1522 pulveres
1177 1459 1236 1503 re-

97 1536 248 1616 gulorum
268 1538 562 1620 praecipitatorios,
585 1539 835 1620 Niederscltldqe,
857 1540 1043 1618 immittuut;
1069 1547 1135 1604 tum
1157 1559 1234 1604 vero

96 1638 221 1700 turbari
242 1637 369 1714 fluxum,
392 1639 515 1703 orificio
536 1649 645 1704 mutuo
667 1639 794 1722 aperiri,
816 1642 895 1704 etsi
917 1658 992 1706 vasa
1015 1647 1236 1706 contentorum

96 1738 225 1801 ratione
253 1739 432 1822 inaequalia
453 1750 539 1818 sunt,
568 1742 702 1804 alterum
723 1743 872 1816 sorbere,
902 1742 1037 1804 alterum
1059 1741 1234 1805 exonerari.

93 1839 181 1902 Hinc
202 1840 299 1916 mira,
331 1847 364 1904 at
384 1850 490 1906 tamen
512 1850 597 1906 certe
619 1843 753 1918 deduxi,
786 1829 942 1924 qnaednn'r
971 1861 1107 1925 corpora
1138 1841 1235 1905 simul

93 1939 188 2002 acida
211 1947 243 2002 et
263 1941 399 2004 alcaliua
420 1963 511 2018 esse,
539 1942 566 2006 si
588 1944 718 2006 diversis
741 1944 966 2018 conferantur,
999 1963 1059 2006 neo
1080 1943 1171 2026 sequi
1194 1959 1233 2006 ex

93 2041 261 2104 reactione
282 2043 455 2122 perlectam
475 2044 692 2118 satistionem‚
725 2044 826 2106 idest
858 2043 1016 2126 quietem,
1047 2044 1104 2108 sed
1125 2042 1231 2123 potius

92 2141 235 2205 dissilire
256 2149 330 2206 v‘asa
351 2142 385 2204 in
406 2143 519 2206 alcalia
540 2143 693 2225 acideque
716 2144 855 2221 minora;
878 2141 1231 2207 contraexmultismi-

93 2243 230 2306 neribus
250 2244 333 2307 vasis
354 2242 440 2308 lenta
460 2251 589 2308 naturae
603 2244 799 2326 operatione
821 2264 928 2306 rursus
941 2261 1145 2308 concrescere
1156 2259 1227 2306 ma-

89 2345 181 2426 jorn,
204 2364 336 2425 prorsus
358 2352 392 2406 ut
414 2345 495 2407 dnae
517 2344 625 2408 bullae
646 2363 749 2428 aquae
771 2345 1036 2422 consistentioris,
1059 2343 1162 2428 qualis
1184 2346 1231 2406 est

90 2451 268 2526 saponate,
290 2444 351 2508 sibi
373 2445 492 2522 collisa,
515 2446 574 2510 nisi
597 2446 826 2528 distringantur,
849 2446 1016 2508 coeuntia
1039 2464 1135 2508 unam
1157 2461 1230 2506 rne-

88 2547 208 2628 joram‚
232 2554 263 2608 et
283 2545 368 2608 idem
389 2547 494 2610 lacere
516 2547 664 2628 globulos
685 2546 807 2628 argenti
828 2545 890 2610 vivi
912 2547 1019 2627 plures
1033 2545 1093 2608 sibi
1104 2561 1229 2624 appro-

90 2649 306 2730 pinquantes:
338 2645 422 2710 etin
442 2645 507 2709 boc
527 2647 699 2712 consistere
721 2646 872 2710 circulum
883 2645 1096 2727 generationis
1109 2653 1139 2710 et
1149 2663 1228 2714 cor-

89 2749 260 2831 rnptionis.
292 2748 374 2824 Quin
396 2747 461 2815 imo
483 2747 511 2810 si
532 2767 551 2809 a
572 2748 666 2812 certis
687 2746 980 2810 ratiocinationibus
1002 2745 1123 2827 aliquid
1144 2762 1228 2808 cou-

85 2852 284 2933 jeeturarum
313 2848 543 2930 phoenomenis
572 2850 714 2912 nondum
744 2848 897 2924 hactenns
925 2863 1130 2930 aquoqnam
1151 2845 1231 2908 satis.

89 2950 233 3016 excussis
255 2949 387 3012 miscere
409 2950 457 3012 fas
479 2957 544 3024 est,
567 2951 673 3031 ignem
694 2949 830 3032 primurn
852 2949 997 3023 aeidum,
1020 2966 1135 3029 aquam
1156 2945 1227 3027 pri-

87 3072 179 3114 mum
201 3051 294 3113 alcali
316 3070 396 3125 esne,
417 3051 451 3112 id
473 3058 520 3113 eat
541 3051 646 3132 ignem
666 3069 882 3131 compressum
893 3067 1009 3132 aquam
1031 3049 1225 3121 exhaustam,

87 3159 200 3216 adrem
223 3170 292 3214 esse
314 3169 428 3234 equum
450 3151 614 3228 subtilem,
636 3159 671 3213 ut
690 3151 793 3216 lucem
814 3153 922 3235 ignem
943 3150 1102 3216 subtilem.
1144 3147 1225 3218 llinc

63 3255 196 3340 ‘ignem
219 3259 358 3316 acentro
371 3253 412 3315 ad
424 3252 708 3316 circumferentiam
719 3273 832 3336 agere;
853 3253 951 3335 lrigus
963 3261 1087 3314 nonna:
1108 3247 1223 3328 ignem,

87 3373 155 3439 qua
177 3372 404 3434 oompnessnm,
427 3353 610 3434 dispergere
621 3360 653 3416 et
663 3355 849 3428 rarelacere,
873 3353 1047 3416 calefacere
1058 3355 1090 3411 et
1100 3348 1224 3424 lucere;

85 3474 205 3538 aquam
226 3452 433 3529 contrahere,
462 3453 615 3530 densare,
644 3455 815 3518 obscurare
836 3471 875 3517 uc
894 3452 1063 3534 frigerans:
1094 3454 1223 3522 terrum,

84 3557 118 3618 id
140 3555 349 3628 estvitrum,
378 3555 470 3617 basin
491 3575 548 3618 sen
570 3545 645 3620 vasa
667 3556 814 3618 omnibus
836 3554 1001 3635 praebere:
1031 3548 1165 3631 sulphur
1191 3555 1224 3612 el

84 3658 206 3717 nitrum
227 3654 288 3717 sibi
310 3655 398 3736 quod
417 3655 523 3736 ignem
545 3661 577 3717 et
598 3675 713 3738 aquam
735 3676 825 3733 esse,
847 3655 880 3716 id
903 3660 950 3716 est
981 3651 1072 3720 acida
1105 3656 1137 3714 et
1168 3648 1222 3712 al-

84 3757 168 3819 oalia
188 3755 444 3837 proportionata.
483 3755 578 3829 Quod
607 3757 692 3820 enim
719 3755 782 3818 alia
804 3755 917 3818 aloalia
939 3753 1010 3816 aliis
1032 3751 1130 3814 auidis
1152 3749 1223 3812 sol·-

83 3857 218 3930 vendis,
234 3855 428 3929 irritandis,
458 3857 702 3939 praecipitandis
724 3843 799 3937 apte
819 3856 897 3931 sint,
919 3855 952 3917 id
973 3872 992 3915 a
1012 3851 1223 3934 proportione

82 3959 245 4021 bullenum
269 3957 356 4019 oriri.
398 3957 486 4020 Idem
508 3957 694 4020 mechanico
715 3956 933 4038 recipientium
954 3952 1223 4037 Mugdeburgieo-

82 4079 154 4122 rum
178 4057 327 4138 exemplo
349 4056 479 4138 probari
501 4064 617 4139 potest.
648 4059 802 4122 Virtutem
824 4057 912 4119 illam
935 4056 1133 4139 quorundam
1145 4071 1221 4116 cor-

84 4180 201 4242 porum
224 4157 454 4240 insipidorum,
487 4164 518 4221 et
547 4157 573 4220 si
594 4159 739 4222 sensibus
767 4158 877 4239 primis
902 4156 1109 4238 judicandum
1130 4158 1221 4228 esset,

82 4260 264 4334 inutilium,
293 4260 368 4323 salis
390 4258 512 4333 tartari,
539 4259 703 4322 autimonii
726 4257 950 4340 diaphoretici,
980 4255 1093 4337 lepidis
1121 4256 1222 4319 bezo-

84 4361 201 4437 erdioi,
225 4361 391 4424 oculorum
420 4359 656 4436 concinorum,
686 4359 761 4429 salis
783 4357 988 4432 ammoniaci,
1009 4375 1107 4420 cornu
1129 4353 1225 4426 cervi,
