3072 5020
560 285 763 340 FARDELLA.
1174 295 1227 352 209

177 460 264 522 llaec
276 459 478 522 considerans
491 460 611 541 majore
626 461 693 542 jam
705 461 807 521 fructu
818 467 959 524 veterum
973 463 1227 526 meditationibus

92 561 211 640 poterit
232 562 286 637 uti,
308 561 395 625 velut
416 560 503 624 clave
515 569 646 625 naturae
667 562 840 647 superioris
861 571 994 643 reperta,
1017 566 1226 647 quamScho-

95 660 194 724 lastici
217 662 312 724 nimia
331 662 550 725 modalitatum
574 683 648 724 cura
665 664 809 745 neglecta
831 664 1012 740 substantia,
1035 668 1226 730 recentiores

92 763 192 824 nimio
206 765 415 840 materiarum,
437 764 469 826 id
482 765 792 843 estcollectitiorum,
814 767 917 828 studio
937 767 1078 848 ignorata
1088 771 1227 836 monade

94 866 313 928 obscurarunt.
355 867 444 929 lianc
465 866 639 928 doctrinam
662 887 754 948 spero
778 885 795 929 a
823 875 854 929 te
882 887 977 948 posse
1004 868 1165 945 illustrari,
1196 880 1228 933 ct

92 985 241 1046 magnam
270 969 372 1030 lucem
402 969 477 1030 a'ddi
516 969 593 1029 meis
626 969 897 1051 qualibuscunque
935 970 1226 1052 philosophematis,

94 1069 361 1148 quemadmodum
386 1076 417 1131 et
444 1069 663 1132 mathematica
690 1071 756 1132 sive
786 1071 941 1153 analytica
963 1091 1032 1134 mea
1061 1083 1185 1154 reperta
1208 1093 1227 1136 a

93 1169 226 1230 domino
253 1170 438 1233 Marchiona
465 1170 642 1252 Hospitalio
665 1172 789 1234 Parisiis
821 1181 852 1234 et
872 1192 889 1234 a
912 1174 1050 1236 dominis
1078 1176 1226 1238 iratribus

92 1270 298 1347 Bernonlliis,
328 1291 463 1354 quornm
485 1272 565 1336 alter
585 1272 740 1346 Basileon,
770 1273 849 1335 alter
866 1274 932 1356 jam
954 1275 1133 1357 Groningae
1155 1297 1227 1338 ma-

92 1372 221 1434 theseos
243 1373 456 1454 professorem
479 1375 560 1456 agit,
588 1375 666 1437 mira
695 1381 768 1436 sunt
796 1384 953 1455 promota.
996 1377 1034 1438 Et
1061 1395 1145 1440 nunc
1165 1379 1225 1439 Dn.

92 1474 235 1536 Marehio
257 1476 451 1558 Hospitalius
475 1476 540 1560 (qui
562 1478 598 1537 R.
610 1477 642 1537 P.
657 1476 882 1538 Malcbranchii
904 1479 1022 1541 amicus
1045 1487 1091 1540 est
1112 1479 1226 1560 singu-

92 1575 177 1658 laris)
203 1577 242 1637 de
266 1597 347 1640 nova
373 1597 443 1640 mea
465 1577 616 1639 methodo
640 1577 751 1639 calculi
773 1578 990 1641 differentialis
1011 1580 1060 1641 vel
1084 1579 1226 1642 infinite—

93 1677 210 1739 simalis
233 1676 488 1760 (infinitcsimalia
512 1678 594 1740 enim
616 1697 672 1739 seu
694 1677 814 1741 infinite
836 1698 933 1760 parva
950 1687 983 1742 ut
995 1680 1226 1743 ordinariorum

94 1778 288 1841 differentias
311 1781 361 1842 vel
383 1781 574 1843 incrementa
591 1787 810 1842 momentanea
833 1782 1017 1856 considero,
1040 1789 1071 1843 et
1090 1781 1134 1843 ita
1156 1782 1227 1844 cal-

93 1881 167 1942 culo
189 1879 334 1962 subjicio)
358 1881 498 1944 libellum
522 1881 713 1963 peculiarem
730 1881 838 1956 edidit,
860 1882 1055 1964 ingenuitate
1075 1882 1227 1945 laudabili

65 2015 66 2018 ¹
92 1984 271 2063 professus,
302 1983 532 2065 qualiacunque
561 2001 631 2044 mea
661 1981 717 2043 has
738 1981 905 2044 interiores
935 1981 1112 2046 matheseos
1141 1986 1227 2048 sores

92 2084 153 2144 sibi
180 2085 349 2164 aperuisse.
393 2085 474 2158 Quia
502 2085 596 2166 igitur
617 2084 754 2164 aliquam
783 2083 951 2165 analyseos
973 2105 1063 2147 meae
1085 2087 1226 2147 notitiam

93 2185 191 2264 petis,
214 2185 287 2247 ideo
309 2184 394 2246 hunc
415 2185 556 2247 libellum
578 2187 697 2247 suadeo
724 2192 758 2246 ut
778 2204 817 2246 cx
830 2185 932 2246 Gallia
942 2187 997 2247 tibi
1010 2185 1115 2248 afferri
1127 2207 1225 2262 cures,

94 2293 126 2346 et
148 2285 313 2347 lectionem
338 2306 446 2348 corum
459 2286 610 2368 adjungas
622 2287 828 2367 speciminum
839 2287 914 2350 novi
927 2288 1039 2349 calculi
1050 2287 1122 2363 mei,
1145 2307 1226 2371 quae

92 2386 446 2468 ioActisLipsiensibus
463 2387 512 2450 vel
529 2407 548 2449 a
563 2388 750 2450 Bernonlliis
773 2389 822 2450 vel
845 2407 863 2450 a
886 2409 934 2450 me
956 2390 1039 2451 edita
1060 2390 1226 2452 habentur.

91 2488 139 2549 lta
161 2487 217 2549 tibi
239 2508 304 2550 non
326 2487 455 2550 difficile
478 2489 552 2564 erit,
575 2509 633 2570 pro
656 2509 695 2551 eo
719 2510 783 2572 quo
806 2490 892 2553 vales
918 2490 1056 2572 ingenio,
1085 2491 1118 2551 in
1146 2490 1227 2552 hacc

92 2591 241 2672 mysteria
262 2595 438 2670 penetrare.
480 2591 558 2652 Nam
588 2609 735 2671 magnum
756 2581 899 2671 inprimis
921 2611 1012 2652 usum
1039 2592 1136 2654 habet
1158 2591 1227 2652 cal-

94 2690 183 2752 culus
206 2690 258 2753 illc
276 2692 308 2752 in
331 2692 546 2754 transferenda
568 2691 701 2753 mathesi
723 2691 764 2752 ad
786 2697 938 2767 naturam,
962 2693 1087 2773 quiade
1102 2691 1225 2754 infinito

91 2790 273 2854 ratiocinari
296 2793 402 2867 docet,
433 2793 541 2856 omnia
563 2800 667 2854 autem
690 2792 721 2853 iu
743 2800 854 2855 natura
875 2793 993 2854 habent
1014 2791 1226 2856 characterem

92 2891 206 2954 infiniti
228 2895 363 2969 autoris,
387 2895 472 2956 unde
493 2895 562 2976 ipsc
585 2895 747 2976 Hugenius
768 2895 866 2975 paulo
890 2902 961 2968 ante
982 2903 1124 2971 mortem,
1155 2915 1226 2957 cum

92 2993 157 3055 hoc
185 2994 361 3057 calculandi
391 3015 489 3077 genus
520 2997 580 3058 sibi
613 2996 765 3058 familiare
795 2996 984 3058 reddidisset
1016 3005 1047 3059 et
1075 3015 1227 3078 usurpare

92 3197 152 3242 tura
171 3187 315 3241 monadum
336 3197 363 3241 et
381 3188 589 3243 substantiarum
611 3189 682 3261 quod
702 3205 783 3260 porro
803 3191 919 3261 quaeris,
940 3197 1030 3260 putem
1051 3189 1228 3244 lacilesatis-

92 3278 152 3332 fieri
172 3295 260 3348 posse,
280 3279 303 3332 si
322 3280 460 3350 speciatim
481 3279 592 3350 indicas,
613 3281 678 3353 quid
698 3281 725 3334 in
745 3297 776 3334 ca
795 3297 825 3334 re
845 3281 974 3350 explicari
993 3279 1068 3334 velis.
1106 3276 1148 3332 De
1168 3279 1229 3333 ori-

92 3369 155 3439 gine
176 3387 268 3424 earum
289 3379 355 3440 puto
376 3388 418 3424 me
434 3371 490 3441 jam
509 3373 608 3436 fixisse,
629 3388 722 3424 omnes
742 3370 801 3424 sine
821 3369 904 3422 dubio
924 3377 1068 3438 perpetuas
1088 3386 1156 3434 esse,
1176 3387 1227 3424 nec

91 3459 144 3513 nisi
164 3461 302 3514 creatione
321 3461 388 3514 oriri
406 3479 438 3516 ae
456 3463 565 3516 nonnisi
585 3460 780 3516 annihilatione
800 3459 914 3513 interire
933 3476 1023 3529 posse,
1043 3459 1125 3513 idest
1143 3468 1227 3513 natu-

91 3551 185 3605 raliter
203 3569 254 3605 nec
274 3551 341 3604 oriri
360 3569 411 3605 nec
431 3553 566 3617 occidere,
592 3553 665 3624 quod
684 3561 787 3606 tantum
808 3559 848 3604 est
867 3559 1084 3620 aggregatorum.
1121 3547 1227 3604 Vellem

89 3642 182 3696 videre
202 3651 281 3696 antea
299 3641 401 3710 liceret,
422 3661 492 3716 quae
512 3645 546 3698 de
565 3644 633 3698 meis
653 3641 793 3698 sententiis
813 3639 886 3694 dices
906 3641 999 3695 intuo
1019 3640 1092 3712 quod
1114 3640 1227 3707 moliris,

89 3729 287 3802 Augustiuiano
307 3750 400 3803 opere.
421 3764 453 3772 -
490 3745 524 3788 Da
546 3744 629 3799 Fallet,
653 3745 694 3788 wia
714 3755 753 3788 aus
776 3745 824 3786 dem
845 3743 867 3785 iu
888 3743 936 3784 dem
958 3743 1086 3798 Tagebucbe
1101 3741 1227 3786 Leibnizens

89 3823 138 3877 (25.
155 3823 211 3880 Aug.
229 3821 307 3876 1696.)
323 3825 460 3869 enthaltenen
475 3824 590 3868 Contracta
605 3823 690 3875 arbela,
707 3823 741 3865 die
757 3824 863 3876 Excerpte
879 3833 918 3865 aus
934 3823 1060 3866 Leibnizens
1075 3821 1228 3865 Brielwccbsel

89 3901 134 3943 und
148 3902 257 3956 eonstigcn
273 3899 396 3956 Schriften,
422 3901 503 3945 welcbe
519 3901 560 3942 deu
575 3900 715 3953 linoptinhalt
730 3899 801 3942 seines
817 3902 883 3942 otton
898 3901 1071 3944 Hannmeranom
1085 3899 1171 3952 bildcn,
1187 3909 1228 3940 nur

88 3979 287 4021 widcrrecbtlicber
301 3979 345 4022 und
362 3979 430 4033 daber
450 3977 576 4021 baimlicher
598 3975 672 4018 Weiss
688 3975 777 4018 machon
792 3976 884 4028 boante,
907 3975 965 4019 wira
982 3987 1005 4019 es
1020 3975 1080 4018 nicht
1094 3973 1225 4030 unmoglich,

87 4057 139 4099 dass
154 4066 179 4098 er
193 4055 241 4098 hier
256 4055 383 4098 Lcibniaaus
398 4053 514 4098 dedanban
529 4063 571 4094 nur
586 4053 633 4096 dem
651 4051 717 4097 Sinna
725 4052 786 4095 -nacb
802 4051 923 4106 anigelassl
943 4053 987 4094 und
1003 4063 1042 4096 aus
1058 4053 1106 4095 dem
1121 4050 1228 4094 Gedicbt-

87 4133 146 4175 nisse
165 4131 381 4188 niedergescbrieben
401 4132 467 4176 bitte.
507 4129 610 4173 Indasssn
632 4131 689 4172 karan
709 4130 749 4171 das
769 4139 811 4172 von
834 4128 906 4172 Faller
926 4130 1074 4173 aulbewabrto
1093 4127 1228 4170 Brucbstiiclr

87 4209 142 4250 auctr
159 4207 228 4250 ciuem
243 4207 357 4264 spitum,
379 4208 479 4251 wirkliclr
494 4202 553 4250 1697
573 4217 599 4248 an
615 4205 716 4248 liardella
737 4205 905 4260 gescbriebenen
928 4203 1000 4247 Briela
1022 4208 1157 4246 eotnommen
1172 4202 1226 4255 adn,

89 4286 167 4327 dassen
183 4283 278 4338 Gonccpt
292 4285 428 4328 ebensowobl
443 4284 542 4326 varlaren
557 4283 593 4337 ist,
609 4283 642 4325 als
659 4284 698 4326 der
713 4282 774 4325 Briel
786 4281 914 4336 Fardclla’s‚
924 4282 963 4324 aul
976 4281 1072 4323 welcban
1087 4291 1111 4322 er
1126 4277 1172 4342 sich
1188 4279 1228 4320 be·

90 4360 153 4406 ziebt.
175 4383 201 4391 -
217 4361 336 4403 ledenlalla
358 4361 412 4404 uird
428 4371 451 4403 es
466 4363 505 4415 gut
520 4359 580 4413 sein,
601 4359 691 4402 Faller's
707 4359 746 4402 aul
759 4358 928 4401 uurechtlichcm
944 4359 1012 4413 Wegc
1027 4356 1139 4411 arlangten
1154 4354 1228 4399 Nach-

90 4437 172 4480 ricbten
194 4437 254 4479 nicht
267 4437 343 4480 immer
358 4437 501 4492 nnbedingten
517 4435 612 4480 drauum
628 4448 654 4479 zu
669 4437 785 4480 schenken.

931 4509 968 4571 14
