3072 5020
336 293 387 372 17²0
719 282 869 340 LElBNlZ.
906 281 1087 342 ARNAULD.

333 468 439 526 mento
461 460 604 524 falsitatis
626 459 738 541 arripi;
761 463 938 541 suspectam
960 458 1045 521 enim
1066 456 1252 539 religionem
1273 472 1361 530 esse,
1386 475 1471 537 quae

333 567 373 628 ab
405 565 474 646 ipsa
504 561 731 626 vocabulorum
764 560 974 640 explicatione
1001 559 1189 632 abhorreat,
1222 575 1305 640 quae
1334 577 1470 620 examen

332 668 389 743 sui,
412 684 494 749 quae
517 645 584 726 eam
607 662 845 744 philosophiam
867 661 986 734 oderit,
1008 661 1088 722 inter
1110 659 1199 740 cujus
1220 659 1322 740 prima
1344 661 1469 740 princi·

332 771 385 852 pia
412 775 460 830 est
489 765 569 826 nihil
596 763 822 825 admittendum
846 781 935 837 esse,
959 762 1018 823 nisi
1040 762 1127 844 quod
1150 761 1233 822 clare
1255 760 1468 842 distincteque
1527 809 1528 846 ,

332 870 531 953 percipiatur.
569 865 743 928 Seculum⁴
764 862 1019 945 philosophicum
1041 863 1133 936 eriri,
1163 882 1227 944 que
1256 879 1331 923 cura
1361 862 1469 922 aerior

330 969 470 1034 veritatis
492 974 579 1030 cutm
599 965 726 1028 scholas
748 965 842 1026 etiam
861 964 893 1025 in
916 963 1000 1025 viros
1026 963 1219 1044 reipublicae
1237 962 1468 1023 natesdiffnn-
1527 989 1528 1040 l

331 1075 441 1144 datum
472 1070 522 1131 his
544 1069 604 1130 nisi
626 1065 774 1140 satisfiat,
808 1065 1006 1146 desperatam
1028 1064 1190 1146 religionis
1211 1083 1317 1126 veram
1340 1080 1468 1144 propa·

331 1174 489 1256 gationem
527 1187 621 1244 esse3
652 1185 797 1248 magnam
820 1167 1061 1228 conversionum
1089 1172 1211 1246 partem
1243 1165 1313 1226 lore
1346 1165 1467 1244 pallia·
1527 1149 1528 1184 l

331 1283 414 1350 tam;
444 1269 523 1332 nihil
557 1269 715 1332 efficacius
744 1287 813 1334 esse
842 1268 883 1329 ad
905 1267 1154 1356 confirmandum
1176 1265 1379 1341 atheismum,
1411 1273 1467 1327 aut

330 1383 414 1440 certe
432 1372 667 1435 naturalismum
689 1369 941 1445 invalescentem,
964 1367 1464 1430 etsubruendamalundamente
1527 1385 1528 1426 3

327 1479 392 1562 jam
422 1495 505 1558 pene
536 1474 620 1554 apud
643 1473 756 1537 multos
779 1478 810 1533 et
830 1488 961 1550 magnos
983 1469 1039 1531 sed
1066 1469 1167 1530 males
1186 1453 1350 1530 'homiues‘
1368 1469 1465 1530 laba·
1527 1519 1528 1550 ,

329 1585 467 1643 scentem
488 1573 650 1656 religionis
672 1573 859 1634 christianae
880 1570 985 1647 iidem,
1015 1588 1108 1651 quam
1131 1571 1171 1632 ab
1193 1587 1254 1631 una
1276 1556 1366 1650 parte
1389 1589 1464 1650 my·
1527 1609 1528 1638 2

330 1681 427 1744 steria
445 1677 521 1739 fidei
550 1695 569 1736 a
589 1674 767 1736 christianis
788 1673 934 1734 omnibns
956 1691 1080 1753 semper
1097 1672 1213 1734 credita
1227 1690 1296 1734 esse
1313 1671 1461 1751 probare,

330 1783 370 1844 ab
393 1780 491 1841 altera
512 1783 600 1857 parte
623 1775 714 1837 certis
736 1781 840 1839 rectae
861 1774 994 1835 rationis
1010 1773 1337 1856 -demonstrationibqs
1355 1789 1462 1852 nuga·

329 1902 398 1945 rum
422 1877 581 1942 convinci:
604 1876 718 1937 multos
740 1876 821 1936 intra
843 1875 1008 1938 ecelesiam
1035 1873 1111 1954 ipsis
1133 1872 1300 1934 haereticis
1320 1873 1461 1934 acriores

328 1981 436 2043 hostes
458 1997 544 2054 esse;
568 1969 769 2038 metuendum
791 1995 869 2051 esse,
891 1997 932 2038 ne
953 1976 1132 2036 haeresium
1154 1973 1262 2036 ultima
1285 1974 1335 2048 sit,
1358 1975 1385 2035 si
1397 1994 1460 2034 non
1527 1969 1528 2052 ᾗ

330 2080 516 2153 atheismus,
549 2077 660 2140 saltem
680 2078 902 2138 naturallsmus
931 2077 1131 2157 publicatus⁵
1153 2085 1185 2137 et
1205 2075 1461 2136 mahumetanis-

329 2205 406 2256 mus,
430 2182 478 2245 eui
500 2197 611 2261 parum
633 2179 804 2239 admodum
826 2179 991 2259 dogmatis,
1014 2195 1073 2239 nec
1094 2177 1161 2238 lere
1182 2176 1460 2255 nisiritussuper-

329 2284 411 2354 addi,
432 2301 468 2342 ac
489 2281 540 2344 vel
561 2281 635 2342 ideo
650 2286 757 2341 ,totum
779 2297 859 2360 pene
884 2279 1035 2340 orientem
1058 2277 1232 2356 occupavit.
1261 2276 1346 2336 Huic
1366 2277 1459 2339 valde

328 2383 480 2446 accedere
501 2380 702 2454 sosimenes,
725 2381 779 2462 qni
802 2401 884 2443 nune
905 2399 963 2461 per
983 2378 1176 2440 Britanniam
1206 2384 1237 2438 et
1258 2376 1457 2438 Germaniam
1527 2375 1528 2380 ’

327 2484 511 2548 interiorem
534 2487 627 2562 caput
648 2481 787 2562 erigant,
819 2489 851 2542 et
872 2501 954 2563 pene
976 2480 1126 2563 quiequid
1154 2499 1341 2560 magnorum
1364 2482 1457 2561 inge·

327 2588 454 2649 niorum
476 2590 523 2646 est
544 2582 698 2644 subtiliter
721 2591 884 2664 occupent.
928 2582 1004 2643 Cum
1032 2582 1082 2643 his
1109 2581 1253 2643 hostibus
1276 2581 1457 2662 confligen-
1527 2563 1528 2612 5

328 2691 402 2752 dum
431 2685 524 2748 nobis
553 2703 640 2758 esse,
675 2683 787 2766 quibus
815 2684 907 2744 ludus
941 2691 988 2744 cst
1013 2681 1139 2762 objecta
1168 2681 1374 2762 philosophia
1404 2701 1457 2744 sna
1527 2755 1528 2758 Ἴ

301 2856 304 2861 ,
328 2790 421 2853 etiam
437 2787 570 2848 irridere
590 2791 730 2847 veterum
755 2784 994 2865 simplicitatem.
1023 2785 1068 2844 Te
1089 2801 1456 2863 peneunummeuesse,
1527 2847 1528 2850 ,

327 2909 367 2952 ex
388 2906 451 2970 quo
470 2885 634 2948 Paschalio
658 2886 839 2960 excidimus,
862 2885 915 2968 qui
938 2885 970 2944 in
993 2891 1129 2966 utroque
1151 2901 1263 2963 campo
1285 2883 1457 2964 confligere

325 2988 453 3070 possit3‘
468 2986 520 3068 qui
542 2986 720 3046 eruditione
741 2987 858 3066 pariter
879 2993 911 3046 et
922 2985 1084 3066 sapientia,
1106 2983 1267 3045 rarissimo
1284 2985 1456 3058 connubio,

327 3088 471 3170 polleat3
516 3087 707 3148 documento
736 3103 811 3150 'esse
842 3089 950 3149 Artem
968 3087 1068 3147 'illam
1098 3084 1279 3166 cogitandi,
1304 3085 1456 3148 libellum

326 3177 459 3270 magnae
480 3187 710 3269 profunditatis,
735 3189 821 3270 cujus
844 3181 984 3270 quisquis
1007 3194 1099 3248 autor
1119 3187 1178 3261 sit,
1202 3205 1241 3246 ex
1256 3193 1456 3250 vestracerte

326 3291 437 3354 schola
457 3309 537 3352 esse.
559 3289 704 3372 Subjeci:
724 3290 821 3351 multa
842 3288 918 3348 mihi
937 3289 971 3348 in
985 3288 1117 3350 eandem
1133 3307 1200 3349 rem
1222 3285 1360 3366 cogitata
1379 3307 1456 3362 esse,

326 3399 357 3456 et
378 3392 518 3473 inprimis
541 3392 581 3453 de
608 3390 794 3454 eucharistia
816 3389 951 3465 habere,
975 3407 1057 3470 quae
1079 3388 1120 3449 ad
1133 3387 1217 3448 'tanti
1229 3389 1384 3449 momenti
1397 3409 1456 3450 nc-

324 3493 445 3574 gotium
466 3503 658 3574 magnopere
679 3491 837 3571 pertinere
859 3496 973 3570 putem,
1015 3492 1096 3550 Tum
1121 3507 1198 3551 vero
1228 3487 1455 3552 illustrissimus

323 3593 638 3674 Boineburgius,·qui
659 3591 852 3664 meminerat,
875 3607 956 3672 quae
978 3607 1062 3651 ame
1078 3589 1207 3670 aliquot
1228 3588 1344 3650 abhinc
1367 3591 1455 3650 annis

321 3693 386 3773 jam
409 3692 449 3752 de
471 3692 716 3754 demonstranda
737 3692 957 3773 mysteriorum
977 3689 1062 3764 fidei,
1085 3689 1226 3770 inprimis
1244 3689 1455 3752 eucharistiae

664 3849 713 3857 --—-

380 3913 406 3980 l)
421 3919 549 3978 Seculum
568 3925 792 3998 philosophorum
814 3957 845 3967 -
866 3925 969 3996 aliquot
988 3925 1190 3995 propositiones
1215 3925 1305 3994 magni
1326 3909 1453 3978 momenti

303 4013 359 4062 ,bat
374 4011 454 4068 Emer-y
469 4012 491 4058 S.
507 4009 552 4059 414
567 4016 587 4058 a.
602 4017 624 4059 iu
641 4004 803 4061 hanzinscher
812 4015 974 4072 liebersetcung
989 4015 1094 4072 gegeben.

381 4095 407 4149 b)
422 4097 526 4152 limerp
540 4097 586 4141 h'a'lt
601 4091 755 4160 publicatus
767 4102 872 4145 tttreinen
880 4097 1266 4155 Fehlerderdbschriltnndschliigt
1273 4107 1314 4142 ver
1329 4090 1454 4160 palliatus

322 4193 349 4224 zu
363 4181 432 4232 lesen.
461 4180 552 4222 Feder
572 4181 669 4232 hemerht
684 4183 795 4238 dagegen:
819 4184 879 4228 Dans
893 4183 1013 4228 l’anoienne
1027 4181 1088 4236 copie
1103 4183 1139 4236 qni
1155 4193 1208 4226 neus
1222 4185 1257 4226 est
1270 4178 1359 4236 reste'e,
1382 4181 1399 4223 il
1414 4191 1454 4234 pa

322 4259 366 4302 tres
381 4256 553 4300 distinctement:
576 4259 648 4299 sutem
663 4259 810 4302 netureltsmos
823 4259 948 4314 publicatus.
978 4257 1036 4304 Sile
1051 4260 1095 4300 mot
1114 4258 1232 4312 publicatus
1253 4261 1287 4301 est
1306 4259 1416 4314 genuine,
1439 4257 1453 4297 il

321 4333 368 4377 faut
383 4330 492 4387 peut-ltro
507 4334 609 4376 entendrc
625 4334 644 4375 lc
658 4335 794 4378 saturatione
809 4335 890 4379 declara
902 4335 1061 4391 pulliqucmcnt,
1077 4345 1160 4378 comme
1169 4321 1264 4388 l‘unique
1279 4334 1341 4378 vraic
1357 4333 1452 4389 religion,

321 4415 445 4454 commacu
459 4415 477 4451 'a
488 4404 538 4464 ddja
553 4407 630 4464 essaye
645 4409 673 4451 cle
688 4408 749 4455 taire,
1131 4415 1132 4420 ’
