3072 5020
326 267 379 322 206
817 261 970 318 LElBNlZ.

327 463 433 538 gutum
454 455 711 530 substantiarum,
743 475 818 538 ergo
841 461 892 518 aut
915 455 1002 517 nulla
1025 457 1083 518 erit
1104 455 1293 538 substantia,
1325 465 1380 518 aut
1401 457 1462 520 elie
1527 463 1528 542 ]

327 575 420 640 quarn
433 575 557 636 corpus.
578 557 617 618 Et
629 558 678 619 vel
687 558 766 618 nihil
778 557 990 621 substantialis
999 557 1093 618 inerit
1105 559 1302 638 corporibus,
1315 558 1462 639 adeoque
1527 619 1528 624 ,

326 665 565 739 corporaerunt
586 658 808 739 phaenomena
830 666 959 731 tantum,
981 659 1032 721 vel
1054 659 1086 719 in
1110 679 1244 740 corpore
1260 660 1462 720 continentur
1527 677 1528 682 ¹

326 759 520 822 substantiae
548 759 771 834 indivisibiles,
803 779 884 842 quae
917 780 981 820 non
1011 769 1083 822 sunt
1113 761 1249 842 emplius
1279 769 1460 841 aggregata.

326 863 438 944 Utique
461 865 564 920 autern
587 861 778 922 substantiae
801 861 883 936 illae,
906 880 1038 944 quarum
1061 869 1262 943 aggregatum
1276 870 1460 942 estcorpuS,

325 965 374 1027 vel
396 963 423 1024 si
444 963 489 1024 ita
509 962 599 1042 loqui
621 962 697 1025 velit
718 963 840 1044 aliquis,
864 969 1069 1044 componunt.
1103 963 1140 1023 Et
1157 964 1182 1024 si
1197 963 1266 1045 quis
1290 962 1365 1024 talia
1387 963 1461 1026 velit
1527 1011 1528 1018 ,

324 1073 429 1147 partes
451 1049 626 1145 appellere,
656 1083 712 1144 per
734 1084 783 1125 me
811 1063 891 1124 licet.
936 1063 1124 1127 Geometras
1152 1072 1257 1126 tamen
1280 1065 1318 1126 iis
1340 1072 1460 1126 tantum
1527 1059 1528 1134 J

325 1264 431 1327 posset,
457 1256 529 1328 quod
555 1273 648 1309 revera
674 1264 745 1309 esset
763 1272 816 1308 una
836 1255 997 1321 substantia;
1026 1258 1116 1330 itaque
1136 1258 1169 1310 ad
1189 1265 1293 1310 atomos
1313 1256 1460 1326 coningere

325 1357 451 1418 tanquam
472 1346 599 1400 terminos
619 1345 773 1417 analyseoe;
793 1364 853 1400 cum
874 1355 963 1401 tamen
983 1365 1062 1402 ornne
1082 1365 1180 1418 corpus
1190 1356 1296 1401 constet
1305 1363 1339 1399 ex
1348 1347 1461 1400 diversis

325 1437 490 1498 substantiis,
519 1454 569 1490 nec
588 1437 702 1501 releret,
724 1445 811 1489 utrum
831 1445 920 1505 partes
941 1436 1104 1492 cohaereant
1123 1457 1156 1492 an
1176 1457 1244 1502 non;
1272 1445 1461 1508 praeterquam

327 1527 487 1600 quadratio
507 1527 728 1580 indivisibilitatis
749 1527 776 1580 in
796 1527 892 1580 atomis
912 1527 987 1580 reddi
1006 1545 1061 1580 non
1080 1537 1177 1598 potest.

397 1617 492 1690 ltaque
509 1636 569 1670 cum
590 1634 669 1669 omne
689 1634 787 1686 cerpus
807 1616 842 1669 sit
860 1633 947 1672 massa
968 1634 1015 1670 seu
1036 1627 1206 1690 aggregatum
1226 1599 1346 1689 plurium
1360 1632 1462 1685 corpe-

325 1726 393 1772 rum,
413 1707 517 1760 nullum
537 1725 634 1776 corpus
654 1716 694 1760 est
711 1706 867 1770 substantia,
888 1715 916 1759 et
934 1708 1048 1777 proinde
1059 1708 1208 1778 substantia
1220 1716 1292 1762 extra
1303 1723 1461 1776 corpoream

257 1791 261 1798 ’
325 1809 446 1853 naturam
467 1797 620 1868 quaerenda
641 1805 689 1849 est.

396 1885 446 1940 Est
464 1895 552 1939 autem
573 1885 721 1939 substantia
740 1884 842 1956 aliquid
863 1903 927 1939 vere
948 1903 1040 1952 unum,
1065 1885 1239 1955 indivisibile,
1266 1885 1392 1956 adeoque
1417 1885 1462 1938 in·
1527 1897 1528 1900 ’

325 1978 481 2050 generabile
509 1985 536 2030 et
561 1976 776 2046 incorruptibile,
804 1976 875 2046 qued
904 1985 944 2029 est
962 1976 1112 2046 subjectum
1141 1977 1255 2030 actionis
1274 1984 1301 2029 et
1319 1976 1461 2046 passionis,

325 2077 400 2138 etut
418 2067 501 2122 verbo
521 2067 617 2130 dicam,
638 2066 771 2136 idipsum
791 2065 864 2136 quod
880 2066 1001 2136 intelligo
1021 2085 1082 2119 curn
1097 2067 1159 2120 dico
1180 2083 1243 2136 ego
1263 2065 1368 2138 (neap),
1389 2065 1460 2136 qued

325 2160 454 2224 subsistit,
483 2157 534 2211 etsi
560 2174 674 2227 corpore
703 2173 762 2210 meo
783 2173 831 2226 per
849 2165 939 2225 partes
960 2157 1075 2222 sublate,
1100 2157 1140 2226 uti
1159 2165 1232 2210 certe
1252 2173 1351 2226 corpus
1372 2173 1460 2209 meum

325 2254 503 2320 inperpetuo
523 2249 596 2301 lluxu
617 2257 666 2312 est,
687 2247 830 2316 superstite
850 2264 902 2300 me.

396 2337 474 2394 Nulla
505 2338 635 2408 assignari
665 2346 752 2408 potest
778 2354 839 2406 pars
868 2337 991 2407 corporis
1020 2337 1086 2400 mei,
1114 2353 1182 2408 quae
1208 2335 1240 2389 ad
1260 2336 1461 2390 subsistentiam

325 2431 387 2485 mei
407 2429 560 2483 necessaria
580 2428 621 2492 sit,
640 2443 776 2496 nunquam
797 2433 885 2480 tamen
905 2443 969 2497 ego
990 2445 1047 2480 sum
1063 2427 1122 2480 sine
1138 2427 1227 2496 aliqua
1238 2426 1366 2480 materiae
1386 2435 1462 2496 parte

325 2521 411 2575 unita.

395 2607 505 2662 Interim
526 2622 590 2675 ego
610 2623 724 2677 corpore
744 2609 871 2678 organico
892 2626 958 2678 opus
977 2607 1074 2672 habeo,
1103 2625 1255 2680 quanquam
1282 2605 1351 2659 nibil
1379 2608 1408 2660 in
1429 2625 1460 2660 eo
1527 2613 1528 2680 ζ

324 2702 366 2764 sit,
387 2699 459 2771 quod
478 2698 513 2750 sit
532 2697 715 2750 necessarium
735 2699 768 2750 ad
788 2697 987 2751 subsistentiam
1009 2698 1083 2751 mei.

394 2785 545 2857 Analogum
566 2787 667 2858 aliquid
688 2788 716 2841 in
736 2790 809 2841 omni
836 2789 958 2860 intelligo
978 2788 1098 2854 animali,
1118 2798 1144 2842 et
1163 2797 1193 2841 ut
1212 2788 1295 2842 verbo
1314 2787 1414 2852 dicam,
1434 2789 1461 2841 in
1527 2777 1528 2784 ἵ

324 2880 398 2934 omni
416 2879 563 2931 substantia
583 2895 646 2930 vera
665 2895 782 2950 vereque
801 2898 863 2938 una.
1527 2941 1528 2956 χ

396 2967 520 3020 lnfinitae
541 2976 631 3021 autern
651 2978 712 3022 sunt
732 2970 897 3024 substantiae
917 2968 1052 3039 simplices
1073 2985 1121 3021 seu
1141 2975 1282 3020 creaturae
1295 2967 1324 3021 in
1338 2967 1461 3039 qualibet

325 3059 454 3112 materiae
464 3057 612 3128 particula;
634 3043 660 3110 et
679 3061 851 3129 componitur
870 3079 903 3113 ex
922 3060 975 3112 illis
996 3059 1117 3122 nrateria,
1137 3075 1191 3111 non
1211 3067 1338 3129 tanquam
1350 3075 1383 3111 ex
1396 3076 1462 3128 par·
1527 3045 1528 3110 l

324 3151 404 3214 tibus,
432 3148 478 3202 sed
503 3156 628 3219 tanquam
656 3166 688 3202 ex
707 3150 847 3221 principiis
867 3151 1045 3204 constitutivis
1065 3167 1113 3203 seu
1132 3148 1268 3220 requisitis
1287 3148 1462 3212 immediatis,
1527 3157 1528 3236 ι

324 3258 432 3314 prorsus
451 3248 481 3292 ut
499 3249 597 3309 puncta
617 3239 738 3292 continui
759 3240 901 3295 essentiam
922 3239 1117 3310 ingrediuntur,
1138 3257 1193 3291 non
1212 3247 1300 3292 temen
1314 3246 1345 3291 ut
1363 3246 1462 3306 partes.
1527 3237 1528 3304 J

323 3331 417 3403 Neque
428 3331 498 3383 enim
512 3347 573 3400 pars
587 3339 635 3394 est,
656 3330 707 3382 nisi
723 3330 793 3401 quod
810 3331 858 3384 toti
871 3331 1067 3400 homogeneum
1083 3338 1133 3393 est,
1152 3329 1200 3382 sed
1211 3328 1361 3381 substantia
1372 3337 1463 3380 mate-

322 3424 379 3476 riae
399 3438 446 3474 seu
467 3421 575 3490 corpori
595 3421 762 3492 homogenea
782 3439 837 3484 nen
857 3431 905 3486 est,
931 3439 985 3474 non
1005 3421 1089 3490 magis
1110 3435 1187 3490 quam
1213 3417 1302 3471 lineae
1322 3427 1461 3487 punctum.
1527 3423 1528 3484 ζ

396 3509 427 3562 ln
446 3511 519 3562 omni
540 3509 686 3563 substantia
706 3511 774 3566 nibil
803 3511 876 3564 aliud
896 3520 937 3564 est
954 3529 1033 3582 quam
1054 3518 1148 3562 natura
1168 3508 1212 3560 illa
1232 3525 1282 3562 seu
1301 3509 1342 3560 vis
1361 3509 1462 3578 primi·
1527 3493 1528 3510 l

325 3604 385 3664 tiva,
407 3617 439 3652 ex
459 3617 511 3672 qua
531 3603 653 3669 sequitur
672 3602 756 3656 series
777 3601 964 3672 operationum
984 3600 1041 3670 ejus
1061 3599 1236 3651 internarum.
1527 3605 1528 3644 Ἰ

395 3688 578 3760 Err'quolibet
595 3698 665 3744 statu
684 3691 849 3745 substantiae
868 3707 916 3744 seu
937 3698 1030 3742 natura
1047 3687 1104 3758 ejus
1121 3687 1248 3758 cognosci
1258 3695 1348 3757 petest
1366 3688 1460 3752 series,
1527 3759 1528 3766 ἵ

322 3798 369 3834 seu
390 3797 483 3832 omnes
504 3779 561 3848 ejus
580 3787 663 3835 status
682 3782 820 3851 praeteriti
842 3790 867 3834 et
886 3779 980 3834 futuri.

392 3867 535 3922 Praeterea
556 3871 666 3940 quaevis
685 3871 832 3924 substantia
851 3869 964 3922 involvit
982 3877 1067 3922 toturn
1086 3859 1250 3935 universum,
1277 3875 1304 3920 et
1331 3866 1459 3936 cognosci
1527 3899 1528 3950 t

229 4001 230 4008 ,
322 3969 411 4032 potest
431 3976 463 4010 ex
482 3967 552 4010 statu
572 3960 630 4030 ejus
650 3961 732 4014 etiarn
751 3969 835 4014 status
854 3961 975 4015 aliarum.

394 4047 567 4122 Diversarum
586 4051 793 4104 substantiarum
813 4051 897 4104 series
926 4048 1046 4119 perfecte
1075 4049 1247 4101 consentiunt
1271 4045 1344 4098 inter
1369 4063 1409 4108 se,
1435 4039 1477 4098 ct'
1527 4081 1528 4116 ,

321 4155 500 4211 unaquaeque
520 4139 645 4208 exprimit
672 4149 757 4194 totum
783 4141 938 4194 universum
958 4138 1104 4192 secundum
1124 4129 1232 4190 modurn
1251 4151 1339 4191 suum.
1378 4133 1414 4187 Et
1433 4134 1459 4184 in
1527 4119 1528 4150 ¹

322 4232 374 4285 boc
393 4246 526 4283 censensu
548 4231 671 4282 consistit
689 4231 756 4282 unio
776 4231 880 4284 animae
900 4237 926 4282 ct
945 4229 1074 4299 eorporis,
1105 4229 1223 4299 itemque
1247 4225 1275 4276 id
1295 4224 1369 4295 qued
1389 4240 1459 4294 ope-
1527 4223 1528 4267 l

321 4323 454 4375 rationem
474 4319 684 4372 substantiarum
704 4330 777 4373 extra
797 4339 826 4376 εε
846 4320 1021 4391 appellamus.

394 4406 457 4472 Quo
475 4409 623 4478 perfectior
641 4409 789 4465 substantie
809 4420 858 4475 est,
878 4427 911 4465 eo
931 4408 1083 4462 distinctius
1103 4406 1227 4476 exprimit
1247 4402 1412 4457 universum.

1527 4577 1528 4622 l
