3072 5020
348 277 399 335 138
723 267 876 326 calama.
911 267 1093 327 ananum.

343 446 430 514 inid
452 464 545 507 omne
567 443 790 521 conferentem,
813 464 877 527 quo
899 444 1007 525 augeri
1030 443 1131 507 unitas
1153 443 1239 519 loris,
1262 441 1349 504 domi
1367 443 1480 505 eradi-

344 551 407 616 cari
431 546 629 627 corruptelae
651 545 788 626 possint:
810 545 895 607 lrunc
912 563 987 626 ergo
1000 563 1070 606 cum
1093 544 1239 606 adiissem
1261 565 1370 625 nuper,
1392 565 1480 606 con-

343 653 431 716 tinuo
453 649 497 713 tui
518 648 633 731 injecta
655 645 771 708 mentio
801 652 856 708 est.
897 645 937 705 Et
963 647 1163 707 commodum
1190 653 1264 708 tunc
1292 645 1431 708 redierat
1460 665 1478 706 a

343 753 549 817 serenissimo
572 747 713 827 Principe
733 747 882 820 Ernesto,
905 745 1037 808 Hassiae
1059 746 1253 828 landgrafio‚
1276 766 1294 808 a
1312 745 1478 828 colloquio

344 864 398 919 tuo
420 853 566 917 recente:
594 849 644 910 vix
667 849 760 909 etiam
789 847 896 909 literas
919 853 1085 927 acceperat
1107 849 1147 910 ab
1169 848 1372 928 Amplissimo
1394 849 1479 908 Fra-

341 961 465 1030 xineo²,
487 952 601 1036 quibus
622 949 780 1030 propioris
802 948 932 1010 notitiae
956 948 1155 1010 occasionem
1177 948 1262 1028 apud
1277 948 1478 1030 tcsibiape-

341 1058 395 1120 riri
418 1055 620 1118 vehementer
640 1050 826 1124 laetabatur,
848 1048 1027 1129 expleturus
1050 1049 1253 1128 imposterum
1267 1048 1394 1112 uberius
1406 1069 1478 1112 eam

342 1157 434 1229 sitim,
456 1175 519 1237 qua
541 1174 613 1216 eum
634 1150 757 1213 inhiare
779 1149 905 1212 memini
927 1149 1050 1229 scriptis
1071 1151 1142 1225 tuis,
1165 1151 1351 1232 quotiesvel
1372 1152 1478 1212 tenuis

343 1277 497 1319 novorum
520 1273 539 1316 a
560 1262 592 1316 te
614 1273 746 1334 eperum
774 1252 858 1312 lama
886 1249 1054 1312 advolavit.
1096 1251 1183 1312 Haec
1204 1250 1367 1332 agitantes,
1391 1272 1476 1326 mor,

342 1365 375 1421 ut
395 1358 446 1434 iit,
479 1357 519 1419 ad
542 1355 791 1418 eucharisticos³
822 1360 893 1414 tuos
914 1349 1041 1412 labores
1063 1350 1183 1432 delapsi
1206 1373 1329 1428 sumus,
1361 1354 1477 1434 quibus

342 1460 481 1544 mysterii
503 1459 618 1522 veritas
640 1464 750 1537 atque,
774 1460 808 1516 ut
828 1452 873 1514 sie
896 1453 1007 1526 dicam,
1030 1452 1156 1514 realitas
1173 1460 1324 1532 perpetua
1342 1463 1477 1516 sancto-

342 1583 409 1625 rnm
422 1563 545 1623 Patrum
568 1558 735 1620 traditione
758 1561 866 1616 contra
887 1551 1116 1635 significatores
1136 1553 1294 1615 asseritur.
1336 1555 1376 1616 Et
1396 1575 1476 1636 gra-

341 1662 431 1725 tulati
453 1681 559 1727 sumtis
582 1659 750 1733 ecclesiae,
771 1661 881 1717 nactae
903 1655 1028 1716 tandem
1052 1653 1106 1737 qui
1125 1655 1266 1734 repetitis
1287 1655 1476 1736 replicatio-

343 1764 434 1824 nibus
456 1762 602 1824 insistens
624 1759 703 1821 nibil
723 1756 937 1837 respirationis
961 1757 1151 1840 concederet
1172 1756 1358 1819 adversariis
1375 1759 1476 1820 semel

342 1863 515 1945 deprensis.
556 1862 715 1922 Hactenus
746 1858 829 1920 enim
851 1876 924 1919 raro
946 1856 1073 1918 stataria
1096 1875 1201 1936 pugna
1223 1858 1299 1917 inita
1321 1866 1388 1935 est3
1419 1861 1475 1922 sed

339 1963 523 2050 desultoriis
544 1969 664 2024 tantum
686 1957 917 2021 velitationibus
946 1958 1029 2018 exitu
1056 1957 1198 2019 carituris
1229 1966 1382 2020 certatum
1404 1981 1475 2022 esse

342 2066 517 2130 videbatur.
543 2065 622 2124 'lum
644 2081 721 2143 ego:
744 2079 808 2120 non
832 2058 976 2119 dubitare
998 2077 1058 2133 mc,
1081 2058 1156 2139 quin
1179 2060 1310 2139 depulsa
1333 2068 1393 2122 ate
1410 2063 1475 2124 ad-

342 2165 480 2232 versaria
509 2184 582 2247 pars
603 2161 792 2244 gloriatione
814 2159 869 2221 illa
897 2159 937 2220 de
958 2177 1115 2220 consensu
1137 2167 1277 2221 veterum
1306 2171 1475 2242 receptura

343 2290 377 2331 se
399 2270 440 2329 sit
473 2267 513 2328 ad
544 2265 668 2326 triarios
690 2281 775 2335 suos,
797 2259 949 2321 hactenns
972 2279 1036 2320 non
1059 2261 1133 2323 satis
1154 2261 1269 2336 victos,
1292 2262 1326 2324 id
1348 2270 1397 2325 est
1418 2283 1474 2324 ar-

341 2374 487 2451 gumenta
498 2362 768 2446 impossibilitatis,
787 2361 899 2441 quibus
922 2360 998 2423 solis
1020 2361 1177 2424 labantem
1193 2363 1290 2425 aciem
1308 2363 1473 2444 signitica-

339 2470 463 2532 tionum
485 2466 578 2529 etiam
601 2470 711 2526 contra
733 2463 873 2524 omnium
895 2462 1075 2524 seculorum
1098 2464 1300 2546 gentiumque
1323 2464 1472 2530 christia-

340 2590 451 2634 narum
474 2587 662 2644 consensum
684 2585 718 2628 se
739 2568 849 2646 putant
870 2563 1024 2626 sustinere
1044 2583 1148 2646 posse,
1172 2571 1204 2626 et
1224 2570 1336 2646 tropos
1355 2567 1471 2649 ubique

341 2672 445 2754 potius
468 2689 562 2752 quam
583 2666 790 2730 absurditates
813 2665 958 2726 ferendas
981 2664 1123 2740 clamant,
1145 2673 1290 2746 putantes
1301 2687 1358 2729 seu
1372 2670 1470 2751 majus

342 2794 376 2836 se
398 2773 468 2852 ipso
492 2769 587 2853 (idem
609 2769 692 2830 enim
715 2786 829 2847 corpus
852 2786 922 2828 esse
944 2766 975 2827 in
991 2766 1096 2828 multis
1112 2765 1201 2850 locis)
1227 2786 1342 2848 corpus
1365 2771 1469 2830 datum

340 2892 409 2934 esse
431 2871 490 2933 sub
512 2870 685 2951 quantitate
708 2868 835 2929 alterins
858 2866 1008 2942 minoris,
1031 2867 1064 2928 id
1086 2874 1133 2930 est
1155 2869 1301 2931 omnibus
1315 2870 1381 2932 suis
1394 2889 1469 2950 par-

341 2973 423 3035 tibus
445 2969 596 3044 servatis,
619 2969 721 3030 minus
748 2988 782 3030 se
804 2969 885 3050 ipso,
908 2988 977 3030 cum
1008 2975 1112 3029 tamen
1133 2969 1363 3032 recentioribus
1393 2991 1469 3052 pene

339 3089 525 3153 persuasum
547 3069 588 3130 sit
607 3068 639 3129 iu
661 3069 845 3132 extensione
866 3089 922 3132 seu
944 3069 1117 3150 quantitate
1139 3069 1282 3149 corporis
1304 3073 1469 3134 essentiam

340 3173 521 3238 consistere.
549 3170 688 3232 Retentis
718 3171 863 3231 omnibus
884 3170 1085 3252 qualitatibus
1116 3172 1321 3234 substantiam
1350 3173 1470 3246 mutari,

339 3296 410 3338 cnm
432 3283 536 3338 tamen
559 3271 750 3334 acutioribus
772 3269 973 3352 philosophis
994 3270 1138 3334 rideatur
1164 3272 1298 3334 formam
1320 3273 1469 3336 substan-

338 3376 445 3438 tialem
467 3394 486 3436 a
508 3373 709 3456 qualitatibus
731 3374 800 3436 sola
811 3374 851 3433 ad
863 3392 987 3434 sensum
1000 3373 1155 3435 relatione
1168 3374 1302 3450 differre,
1327 3375 1469 3456 utfignra

339 3477 521 3539 urbisvera
544 3474 680 3538 extorri
704 3474 808 3536 media
837 3474 984 3554 despecta
1013 3477 1054 3536 ab
1087 3475 1312 3556 apparentibus
1343 3475 1468 3536 infinitis

337 3576 542 3651 variantibus,
564 3581 659 3656 prout
680 3574 771 3656 plaga
794 3581 850 3648 est,
873 3576 958 3637 unde
981 3577 1172 3656 extrinsecus
1194 3576 1355 3656 aspicitur.
1397 3579 1467 3637 Rem

337 3677 451 3738 mutari
473 3677 505 3736 in
527 3677 621 3738 aliam
649 3694 733 3747 rem,
761 3675 892 3736 materia
919 3680 1024 3736 tamen
1056 3676 1167 3739 eadem
1196 3685 1345 3738 manente
1375 3676 1467 3746 nulla,

338 3797 408 3838 cum
431 3783 535 3838 tamen
555 3776 618 3837 hoc
640 3795 705 3837 non
726 3774 766 3836 sit
787 3776 908 3851 mutari,
932 3777 989 3838 sed
1011 3779 1280 3841 exstinctovetere
1293 3778 1395 3838 creari
1408 3796 1468 3837 no-

338 3897 420 3940 vum.
458 3880 537 3938 Rem
559 3876 673 3938 mutari
695 3896 759 3937 non
781 3880 900 3938 tantum
922 3875 954 3936 in
977 3895 1092 3940 novam
1114 3878 1260 3958 speciem,
1284 3879 1342 3939 sed
1364 3885 1397 3940 et
1418 3879 1467 3938 in-

338 3977 446 4040 audita
467 3983 540 4038 ante
561 3978 683 4038 ratione
705 3977 737 4038 in
759 3997 878 4041 novum
900 3976 1115 4056 individuum,
1138 3999 1208 4040 cum
1231 3986 1337 4042 tamen
1359 3978 1468 4042 mutari

348 4123 666 4134 *anau-amn.

394 4215 421 4268 2)
437 4209 473 4262 du
491 4207 605 4264 Frcsnio
622 4214 773 4274 [lumerlrung
784 4193 933 4268 LeibnizensJ.

396 4305 422 4360 3)
438 4300 472 4354 ad
492 4298 687 4356 eucharisticon
707 4328 739 4340 -
769 4299 894 4356 ferendas
913 4301 1029 4354 clamant
1053 4308 1081 4352 ist
1095 4309 1229 4365 mamma
1248 4309 1270 4352 tn
1285 4309 1386 4364 anery‘s
1401 4309 1471 4360 amo·

341 4395 403 4438 ricton
419 4395 460 4436 etc.
475 4389 497 4437 S.
515 4386 566 4436 41³.
